3110 5232
730 389 807 448 tax
825 341 1014 448 alunnum.

772 584 916 640 acono.
936 567 976 640 A.

287 711 432 807 absque
451 704 753 780 interfectionem
773 703 982 799 hominum,
1006 704 1193 801 pecodum
1212 701 1273 776 vel
1290 703 1433 778 alterius

289 810 368 905 rei,
403 807 478 882 nisi
510 830 750 882 communem
781 817 942 878 mortem
977 815 1244 902 consumptus,
1280 803 1434 902 sepultus

289 909 422 1006 iaciat,
455 919 493 981 et
529 908 647 1006 ipsam
682 918 861 980 retortam
893 905 931 977 in
967 906 1104 1003 pedem
1133 905 1284 999 habeat,
1322 915 1357 977 et
1384 904 1433 977 sic

288 1035 358 1109 per
398 1011 479 1108 ipsa
516 1019 658 1082 retorta
695 1031 811 1107 super
849 1006 932 1104 ipso
972 1005 1176 1104 sepulchro
1215 1028 1361 1103 semper
1393 1007 1432 1077 dc

289 1136 403 1185 manu
423 1110 461 1182 in
476 1134 588 1184 manu
603 1108 796 1182 ambulare
817 1107 931 1201 debit,
950 1131 1069 1204 usque
1089 1108 1177 1178 dum
1199 1107 1244 1178 ad
1267 1130 1310 1179 ea
1330 1129 1431 1178 manu
1455 1145 1458 1149 ·
1503 1195 1505 1198 ,

288 1211 408 1308 venit,
436 1210 499 1309 qui
529 1233 616 1284 eum
643 1208 789 1283 inlicito
815 1208 946 1283 ordine
971 1207 1139 1281 vindedit
1167 1206 1228 1280 vel
1254 1206 1431 1280 furaverit.

288 1313 395 1402 Quod
421 1310 487 1408 [si]
515 1311 569 1384 ita
596 1334 671 1384 non
708 1307 861 1405 fecerit,
895 1307 1056 1406 capitale
1089 1320 1127 1382 et
1161 1307 1322 1380 dilatura
1357 1331 1432 1380 cum

287 1413 386 1513 legis
406 1409 589 1486 beneficio
609 1435 677 1485 seu
697 1435 767 1485 oon
787 1411 888 1484 furtu
908 1408 1106 1508 culpabilis
1126 1407 1323 1482 iudicetur.

390 1551 424 1623 2.
457 1547 495 1622 Si
511 1560 637 1622 autem
653 1547 687 1621 ei
704 1548 795 1646 fuga
809 1547 939 1645 lapsus
954 1547 1079 1642 fuerit,
1097 1546 1128 1619 si
1144 1547 1241 1620 infra
1257 1547 1432 1638 ducatum⁷

289 1674 404 1747 super
427 1649 730 1747 quattuordecim
752 1659 903 1742 noctes;
923 1647 954 1722 si
977 1659 1082 1722 extra
1101 1649 1254 1740 ducato,
1272 1670 1379 1744 super
1392 1647 1433 1716 to

289 1763 440 1844 noctem
472 1752 571 1847 quod
606 1749 638 1823 si
669 1760 773 1823 extra
804 1773 943 1848 regno,
977 1773 1093 1848 super
1125 1751 1176 1822 80
1214 1747 1372 1847 placitus
1402 1746 1431 1818 ei

289 1851 517 1924 concidatur.
550 1850 659 1939 Quod
680 1849 712 1923 si
737 1850 834 1923 infra
853 1850 1036 1948 placitum
1055 1873 1142 1922 eum
1160 1858 1432 1947 repraesentare

287 1976 362 2024 non
376 1950 553 2049 potuerit,
580 1950 742 2049 capitale
767 1962 804 2023 et
827 1950 989 2025 dilatura
1013 1975 1081 2025 seu
1100 1961 1241 2048 texaga
1261 1949 1321 2022 vet
1346 1945 1432 2046 legis

287 2049 472 2126 beneficio
493 2050 688 2148 culpabilis
708 2050 904 2124 iudicetur.

389 2193 423 2264 3.
468 2187 507 2264 si
529 2199 656 2261 autem
683 2211 771 2261 eum
797 2187 1037 2280 interficerit,
1065 2187 1139 2262 nisi
1170 2187 1209 2260 in
1238 2185 1431 2285 quadruvio

288 2313 373 2364 cum
401 2299 543 2363 retorta
573 2289 762 2386 sepultus,
795 2287 867 2386 ipsi
900 2288 1063 2387 capitale
1095 2300 1134 2363 et
1165 2289 1327 2362 dilatura
1357 2309 1432 2359 cum

287 2403 425 2489 texaga
453 2413 520 2463 seu
555 2414 648 2464 oenu
674 2389 868 2464 werdunia
891 2388 952 2462 vel
983 2389 1081 2488 tegis
1113 2389 1339 2464 beneficium
1366 2386 1433 2460 cul-

287 2491 422 2590 pabilis
441 2490 637 2564 iudicetur.

390 2633 423 2700 4.
463 2627 502 2700 Si
532 2637 659 2701 autem
687 2626 830 2725 aliquid
858 2628 967 2724 culpa
996 2625 1184 2720 emiserit,
1214 2630 1303 2701 dum
1331 2625 1433 2699 inter·

286 2778 546 2786 ....—-...--...---

764 2855 788 2908 u
801 2853 908 2944 pour.
927 2837 970 2908 B.

287 2973 338 3034 vel
370 2970 498 3033 alterius
531 2971 593 3044 rei,
626 2970 685 3032 uisi
719 2989 884 3032 commuue
917 2977 1019 3032 morte
1051 2979 1274 3051 consumptus,
1307 2973 1434 3052 sepultus

286 3057 399 3130 iaceat,
422 3064 453 3117 et
474 3055 575 3136 ipsam
597 3062 748 3117 retortam
770 3055 800 3115 in
824 3055 905 3136 pede
927 3055 1058 3128 habeat,
1082 3064 1113 3117 et
1135 3074 1191 3136 per
1214 3057 1315 3138 ipsam
1337 3064 1435 3118 retor-

287 3147 351 3203 tam
386 3159 481 3220 super
509 3140 580 3220 ipso
611 3139 779 3219 sepulchro
809 3158 934 3219 semper
964 3139 1003 3200 de
1030 3158 1125 3200 manu
1153 3141 1183 3201 in
1213 3160 1340 3203 manum
1370 3159 1436 3201 arn-

286 3224 397 3286 bularc
427 3226 535 3298 debet,
564 3242 665 3304 usque
694 3223 768 3283 dum
798 3223 838 3284 ad
868 3241 938 3284 eam
969 3241 1096 3284 manum
1124 3223 1238 3298 veniat,
1266 3243 1434 3306 quaecum

284 3308 403 3370 inlicito
433 3307 544 3368 ordine
574 3306 715 3367 vendidit
742 3307 791 3367 vel
820 3306 944 3368 furavit.
987 3305 1080 3378 Quod
1111 3305 1136 3366 si
1165 3306 1210 3369 ita
1240 3329 1304 3371 non
1328 3306 1435 3377 fecerit,

287 3391 412 3471 capitali
435 3400 466 3453 et
488 3390 623 3452 dilatura
646 3409 715 3451 cum
737 3390 813 3471 tegis
836 3389 990 3451 beneficio
1013 3410 1068 3452 seu
1092 3410 1161 3452 oum
1184 3392 1269 3454 furto
1285 3390 1435 3474 culpabitis

285 3476 449 3538 iudicetur.

371 3597 401 3658 2.
435 3593 465 3654 Si
489 3600 593 3655 autem
617 3593 647 3654 ei
668 3593 742 3674 fuga
765 3593 871 3674 lapsus
890 3593 994 3667 fucrit,
1015 3593 1040 3655 si
1064 3593 1143 3655 infra
1167 3597 1324 3665 ducatum,
1347 3612 1435 3676 supra

287 3677 538 3759 quattuordecim
563 3685 686 3750 noctcs;
710 3677 735 3738 si
759 3685 847 3739 extra
863 3677 1020 3750 ducatum,
1044 3697 1139 3759 super
1154 3682 1193 3743 40
1209 3689 1335 3754 noctes;
1358 3678 1434 3760 quod

287 3761 312 3824 si
335 3771 424 3824 extra
446 3779 585 3842 regnum,
608 3762 756 3840 super80
773 3761 903 3840 placitus
926 3762 953 3823 ei
976 3763 1176 3824 concedatur.
1213 3764 1306 3837 Quod
1322 3763 1348 3824 si
1361 3763 1434 3822 infra
1526 3763 1528 3766 ’

287 3846 433 3928 placitum
465 3864 534 3906 eum
561 3851 800 3925 repraesentare
823 3863 886 3906 non
911 3847 1062 3926 potuerit,
1093 3846 1218 3927 capitati
1249 3856 1279 3910 et
1310 3848 1434 3909 ditatura

287 3950 342 3994 seu
364 3931 448 3992 furto
470 3931 520 3991 vel
542 3929 617 4012 legis
637 3929 793 4004 ,beneficio
816 3928 978 4009 culpabilis
999 3929 1163 3992 iudicetur.

391 4053 420 4117 3.
455 4050 486 4112 Si
503 4058 607 4112 autem
624 4069 694 4112 eum
710 4049 909 4122 interfecerit,
924 4048 984 4112 nisi
998 4049 1029 4110 iu
1045 4051 1221 4130 quadruvio
1237 4071 1306 4114 cum
1323 4053 1434 4112 retorta

285 4135 436 4216 sepultus,
466 4135 534 4214 ipse
564 4134 697 4215 capitale
721 4143 751 4196 et
774 4134 910 4196 ditatura
933 4154 1002 4195 eum
1025 4135 1109 4195 furto
1132 4154 1188 4196 seu
1210 4131 1434 4196 cinewerdunia

286 4220 335 4280 vel
357 4219 433 4300 legis
456 4218 610 4280 beneficio
633 4216 794 4298 culpabilis
816 4219 978 4279 iudicetur.

391 4341 420 4403 4.
458 4338 488 4399 Si
516 4344 619 4400 autem
651 4337 767 4418 aliquid
796 4340 906 4419 culpae
936 4338 1138 4412 commiserit,
1168 4340 1241 4401 dum
1262 4336 1434 4399 intertiatus
