3110 5232
576 463 652 520 LEX
672 464 857 524 RlBUAlllA.
1247 471 1301 526 103
1416 459 1421 472 ¹

619 657 759 714 acono.
778 642 819 715 A.

140 773 275 848 similis
294 775 469 849 turonem
489 774 688 875 culpabilis
707 777 907 876 iudicetur,
926 791 991 853 aut
1010 805 1096 855 oum
1114 805 1180 856 sex
1195 781 1298 879 imit,

141 877 239 973 quod
259 899 346 950 eum
364 901 440 950 non
460 877 623 950 celasset
642 902 712 950 nec
731 877 769 949 in
789 879 901 953 domo
920 881 1100 980 pavisset.

645 1033 797 1106 LXXIX.

239 1151 279 1226 Si
300 1151 384 1249 quis
403 1153 517 1225 horno
532 1163 686 1249 propter
699 1154 842 1226 lurtum
857 1155 1155 1251 comprehensus
1169 1156 1297 1254 luerit,

140 1263 177 1326 et
206 1251 378 1357 legitime
403 1251 684 1350 superiuratus,
711 1253 804 1326 etin
827 1253 968 1328 iudicio
991 1255 1183 1354 principes
1206 1281 1297 1354 pen·

139 1352 238 1426 ditus
267 1352 391 1449 fuerit⁷
418 1352 479 1426 vel
505 1353 543 1424 in
571 1377 810 1452 quocumque
835 1354 927 1429 libet
943 1356 1153 1453 patibulum
1178 1356 1294 1431 vitam

137 1453 315 1549 finiverit,
341 1477 470 1527 omnes
489 1478 551 1527 res
570 1479 658 1528 suas
675 1455 834 1530 heredes
854 1458 1099 1553 possedeant,
1125 1457 1324 1555 exceptisr·
1340 1475 1392 1526 tot

139 1554 301 1652 capitale
320 1565 358 1628 et
376 1553 537 1629 dilatura
556 1554 594 1627 in
614 1554 699 1629 loco
717 1555 927 1630 restituant.

647 1710 783 1785 LXXX.

236 1829 276 1903 Si
301 1829 384 1927 quis
407 1828 625 1903 Ribuarium
649 1830 695 1902 de
717 1831 778 1903 via
805 1855 872 1904 sua
902 1832 1103 1926 ostaverit,
1132 1835 1176 1908 15
1204 1830 1294 1905 soli-

137 1931 204 2003 dos
225 1928 425 2028 culpabilis
444 1929 642 2026 iudicetur,
661 1942 725 2004 aut
743 1955 828 2005 cum
848 1932 999 2028 diunt,
1020 1933 1118 2031 quod
1139 1931 1173 2005 ei
1193 1931 1294 2005 viam

134 2055 241 2105 suam
261 2055 347 2104 cum
367 2054 472 2103 arma
491 2055 695 2127 numquam
717 2032 1016 2108 contradixisset.

639 2187 792 2260 LXXXl.

236 2302 277 2376 Si
293 2303 376 2402 quis
388 2304 503 2378 homo
517 2303 716 2378 Ribuarius
736 2307 935 2380 defunctus
955 2305 1081 2398 luerit,
1100 2304 1160 2379 vel
1180 2305 1293 2379 inter·

134 2405 274 2498 fectus,
302 2402 475 2478 etlilium
496 2403 711 2502 reliquerit,
739 2431 860 2504 usque
883 2410 939 2482 15.
959 2431 1057 2479 anno
1082 2405 1192 2502 pleno
1221 2431 1292 2480 neo
1363 2476 1366 2483 .

944 2591 1144 2598 ——--.---
1148 2592 1291 2600 -——-—

611 2703 754 2759 ucoou.
774 2687 817 2759 B.

132 2822 191 2884 luri
214 2823 375 2903 culpabilis
391 2822 551 2895 iudicetur,
574 2829 711 2883 autenm
729 2824 748 2887 6
763 2821 853 2895 iuret,
876 2822 961 2902 quod
978 2841 1047 2882 eum
1064 2841 1122 2883 neo
1137 2824 1291 2886 caelasset

132 2906 244 2968 necin
266 2908 362 2968 domo
386 2906 534 2988 pavisset.

642 3005 784 3068 LXXXI.

301 3112 353 3172 De
378 3110 526 3173 homine
549 3110 715 3191 penduto
739 3109 878 3170 eteius
901 3108 1126 3171 hereditate.

237 3212 267 3273 Si
297 3213 366 3294 quis
395 3213 492 3275 homo
525 3217 654 3294 propter
681 3211 796 3271 lurtum
826 3211 1081 3292 conpraehensus
1112 3210 1223 3283 luerit,
1256 3217 1288 3274 et

131 3295 266 3379 legitime
289 3296 515 3378 superiuratus,
538 3303 568 3358 et
589 3294 703 3356 iudicio
725 3293 874 3375 principis
895 3294 1051 3373 pendutus
1066 3293 1169 3369 suerit,
1192 3293 1240 3355 vel
1254 3295 1286 3356 in

132 3399 329 3461 quocumque
350 3380 425 3442 libet
447 3379 586 3461 patibulo
602 3377 710 3440 *vitam
726 3376 851 3450 finierit,
874 3396 983 3440 omnes
1000 3395 1051 3438 res
1069 3377 1134 3440 eius
1150 3378 1337 3456 herodem.
1352 3395 1407 3448 att.

130 3465 322 3543 possideant,
346 3472 476 3546 excepto
500 3462 632 3544 capitale
656 3468 687 3523 et
709 3461 844 3523 dilutura
865 3460 895 3521 in
919 3462 1021 3522 looum
1043 3463 1218 3524 restituant.

629 3598 787 3662 LXXXll.

542 3704 593 3764 De
616 3703 705 3764 viae
727 3702 872 3764 laeina.

234 3808 265 3868 Si
294 3807 362 3887 quis
384 3806 548 3868 Ribuarius
576 3805 744 3886 ingenuum
766 3803 946 3866 Ribuarium
972 3803 1011 3864 de
1033 3805 1082 3866 via
1105 3803 1286 3878 obstarerit,

131 3894 169 3957 15
196 3891 304 3954 solidis
332 3889 493 3970 culpabilis
518 3889 689 3961 iudicetur,
719 3896 772 3948 aut
793 3906 861 3948 eum
885 3891 904 3953 6
926 3886 1016 3960 iuret,
1047 3889 1130 3968 quod
1153 3887 1181 3948 ei
1203 3887 1286 3950 viam

129 3994 217 4037 suam
241 3995 309 4038 oum
334 3974 429 4038 armis
451 3991 621 4054 numquam
645 3970 894 4034 contradixisset.

624 4108 791 4171 LXXXlll.

232 4215 276 4276 Ut
297 4213 481 4296 parvulus
504 4231 576 4273 non
604 4211 841 4290 respondeat
865 4217 949 4270 ante
974 4211 1016 4275 15
1040 4227 1177 4270 annos.

232 4316 264 4377 Si
287 4316 357 4396 quis
377 4317 476 4377 homo
492 4314 658 4376 Ribuarius
681 4312 843 4373 defunctus
866 4311 959 4372 fuerit
974 4310 1023 4373 vel
1038 4310 1228 4382 interfectus,
1252 4316 1284 4373 et

127 4398 225 4459 filium
256 4399 426 4480 reliquerit,
456 4417 555 4480 usque
580 4401 629 4464 15.
652 4416 768 4458 annum
791 4397 917 4476 plenum
939 4413 998 4456 neo
1019 4411 1145 4456 oausam
1168 4413 1286 4475 prose-
