3110 5232
704 458 781 516 tex
798 457 986 517 lllBUAIllA.

760 652 784 706 e
802 653 904 709 cour.
923 634 963 708 Α.

795 772 901 846 uxr.
941 744 943 750 ’

373 898 405 963 1.
445 889 485 965 Si
511 889 594 988 quis
621 914 772 964 servum
804 915 916 964 suum
946 891 1188 966 tributarium
1220 903 1286 966 aut
1316 893 1430 967 litum

193 1098 195 1102 ι
270 993 426 1106 fecerat,
452 990 485 1064 si
512 991 709 1089 quiscum
735 989 968 1086 interficerit,
994 995 1043 1068 36
1063 993 1207 1068 solidos
1229 994 1432 1091 culpabilis

270 1094 566 1280 uoqurbuod
600 1192 631 1266 si
673 1192 851 1267 dinariari
892 1219 979 1268 eum
1010 1195 1191 1292 voluerit,
1232 1195 1432 1270 licentiam

269 1296 418 1369 habeat.
455 1294 501 1366 Et
517 1303 607 1366 tunc
625 1292 724 1370 200*
741 1292 884 1369 solidos
902 1294 1018 1368 valiat
1026 1293 1053 1368 ³¹.

374 1409 401 1494 *J
424 1409 477 1491 qui
499 1429 569 1472 eum
591 1409 757 1484 interfecit,
779 1413 842 1477 200
863 1411 984 1474 solidos
1008 1412 1111 1475 ⁵⁰lVfll
1133 1423 1160 1481 ⁶·
1179 1423 1207 1479 ⁷·

782 1533 911 1607 LXlll.

374 1658 407 1727 1.
451 1650 492 1724 Si
522 1651 606 1750 quis
632 1651 826 1725 hominem
854 1652 890 1724 iu
910 1654 1059 1728 hostem
1079 1653 1329 1753 interficeret,
1357 1667 1432 1730 tre-

271 1753 420 1853 placem
438 1751 684 1851 weregildum
704 1753 903 1850 culpabilis
923 1754 1119 1829 iudicetur.

169 1926 190 1970 ρ.
208 1909 259 1957 aar.
374 1875 408 1948 2.
454 1871 510 1945 De
529 1881 665 1969 texaga
692 1871 879 1946 similiter.

789 2010 908 2083 LXIV.

372 2127 412 2202 Si
441 2127 525 2225 quis
552 2126 747 2202 hominem
773 2129 817 2202 ad
838 2130 992 2204 domum
1010 2129 1203 2227 propriam
1223 2154 1310 2205 cum
1329 2129 1433 2204 hari-

271 2227 378 2302 raida
422 2227 671 2325 interficeret,
716 2241 848 2303 auctor
883 2231 972 2303 facti
1014 2242 1055 2303 ut
1091 2231 1280 2328 triplicem
1316 2257 1433 2306 were·

273 2329 418 2429 gildum
459 2329 661 2426 multetur,
709 2342 746 2404 et
788 2341 866 2404 tres
901 2331 1048 2429 priores
1085 2335 1134 2407 90
1170 2331 1315 2406 solidos
1355 2333 1433 2406 cul-

271 2431 414 2531 pabiles
440 2431 661 2505 iudicentur.
708 2433 753 2504 Et
772 2432 901 2529 quanti
922 2432 957 2505 ei
975 2432 1199 2532 sanguinem
1217 2434 1433 2529 funderent,

273 2532 530 2631 unusquisque
556 2532 803 2630 weregildum
830 2557 917 2606 eum
945 2545 1168 2632 conponant.
1213 2535 1259 2607 Et
1282 2537 1434 2634 quanti-

751 2769 775 2824 r
793 2769 894 2824 corr.
913 2753 955 2825 Β.

798 2887 907 2950 LXIV.

388 2990 442 3050 De
464 2988 625 3050 homine
646 2988 713 3069 qui
736 3006 894 3051 servum
917 2990 1176 3052 tributarium
1201 2991 1310 3056 facit.

380 3095 407 3157 f.
446 3091 480 3154 Si
508 3091 576 3174 quis
606 3109 730 3156 serrum
764 3110 853 3152 suum
884 3091 1081 3156 tributarium
1111 3100 1167 3156 aut
1195 3093 1282 3157 litum
1311 3095 1434 3169 feccrit,

273 3177 298 3237 si
321 3175 391 3256 quis
414 3195 484 3238 eum
506 3176 709 3248 interfecerit,
731 3175 904 3242 adsolitis
928 3175 1090 3257 culpabilis
1111 3177 1276 3243 iudicetur.

378 3264 408 3326 2.
452 3259 546 3334 Quod
573 3261 600 3324 si
629 3259 815 3323 dinarialem
845 3279 916 3322 eum
949 3261 1055 3324 facere
1087 3261 1238 3336 voluerit,
1271 3262 1433 3327 licentiam

271 3343 400 3408 haheat.
442 3345 481 3405 Et
503 3352 576 3407 tunc
598 3348 661 3412 200
683 3344 804 3408 solidos
826 3345 939 3408 valeat.

802 3465 906 3527 LXV.'

545 3568 599 3628 De
620 3567 779 3629 homine
801 3569 840 3628 in
862 3568 981 3629 hoste
1003 3568 1152 3631 occiso.
1240 3556 1242 3560 ¹

380 3671 408 3734 1.
441 3668 472 3730 Si
488 3669 556 3750 quis
571 3667 732 3731 hominem
747 3671 778 3732 in
794 3670 887 3732 hoste
906 3670 1106 3744 interfecerit,
1128 3671 1240 3751 triplici
1261 3671 1431 3756 weregildo

274 3752 436 3836 culpabilis
458 3752 621 3815 iudicetur.

177 3867 198 3912 p.
214 3849 263 3906 254.
378 3841 407 3904 2.
444 3838 490 3898 De
511 3836 596 3898 furto
618 3835 769 3901 similiter.

797 3948 904 4011 LXVI.

461 4054 514 4114 De
535 4051 688 4113 homine
710 4053 751 4113 in
776 4053 889 4115 domo
914 4052 1080 4133 propria
1103 4052 1247 4115 occiso.

377 4155 409 4218 Si
438 4154 507 4237 quis
535 4155 696 4217 hominem
726 4157 756 4217 in
780 4156 876 4216 domo
900 4155 1119 4237 propriarum
1143 4153 1310 4228 hariraida
1328 4155 1430 4216 inter-

244 4240 390 4314 ·'fecerit‚
413 4247 523 4302 auctor
543 4239 616 4301 facti
638 4238 750 4319 triplici
772 4239 951 4320 weregeldo
975 4239 1141 4310 multetur,
1168 4245 1200 4300 et
1219 4245 1285 4300 tres
1308 4239 1428 4320 priores

272 4328 313 4393 90
335 4323 443 4386 solidis
472 4323 643 4403 culpabiles
665 4323 849 4387 iudicentur.
892 4324 932 4384 Et
961 4323 1068 4404 quanti
1097 4321 1125 4384 ei
1148 4322 1330 4404 sanguinem
1354 4323 1429 4385 fun-

273 4408 385 4481 deriut‚
408 4407 620 4488 unusquisque
643 4407 812 4490 weregildo
835 4426 905 4470 eum
928 4412 1096 4490 conponat.
1127 4407 1167 4468 Et
1188 4407 1428 4488 quanticumque
