3110 5232
518 467 594 524 LEX
615 461 802 524 ntnunnln.

557 645 759 718 sconart.

78 785 280 898 ingenuam
316 782 532 855 Ribuariam
566 781 777 879 acciperetr
811 793 876 855 aut
903 783 933 856 si
967 784 1136 858 Romana
1173 786 1234 858 vel

77 885 183 984 regia
217 909 285 958 seu
320 883 549 958 tabularia
539 907 746 997 ingenuum
782 882 1043 957 Ribuarium
1034 911 1071 957 rn
1106 885 1236 960 matri-

79 985 250 1060 monium
281 987 493 1083 acciperet,
525 984 722 1083 generatio
755 1009 886 1058 eorum
920 1009 1072 1084 semper
1102 987 1190 1059 ad
1180 1012 1235 1059 rn-

78 1087 217 1160 feriora
236 1086 482 1160 declinentur.

179 1191 236 1262 12.
278 1185 387 1273 Quod
416 1186 449 1260 si
477 1185 562 1284 quis
586 1185 779 1259 hominem
800 1185 950 1284 regium
969 1187 1223 1261 tabularium*
1223 1243 1233 1282 ,

78 1299 153 1361 tam
177 1290 357 1361 baronem
384 1312 497 1385 quam
532 1287 736 1382 feminam,
774 1288 819 1361 de
847 1290 1105 1362 mundeburde
1132 1289 1236 1388 regis

1 1393 2 1426 ³
78 1388 284 1483 abstulerit,
304 1391 354 1464 60
372 1389 513 1462 solidos
533 1388 731 1486 culpabilis
751 1387 946 1462 iudicetur.

1 1495 2 1498 ’
180 1497 205 1578 *l
230 1495 417 1559 tabularium
441 1505 558 1561 1199914.

180 1587 236 1656 13.
265 1581 449 1655 Similiter
467 1591 505 1654 et
523 1579 592 1677 illi,
613 1607 676 1678 qur
668 1581 917 1655 tabulariam
931 1582 992 1656 vel
1007 1583 1235 1657 ecclesiasti·

79 1706 160 1755 carn
185 1683 364 1756 feminam
391 1707 459 1756 seu
482 1684 664 1755 baronem
690 1684 736 1756 de
761 1685 1017 1756 mundeburde
1046 1684 1233 1758 ecclesiae

79 1784 290 1878 abstulerit
323 1786 373 1858 60
400 1782 543 1858 solidos
576 1771 776 1881 culpabilis
812 1783 1017 1881 iudicetur,
1058 1795 1096 1858 et
1122 1785 1234 1858 nihil-

77 1884 252 1958 hominus
289 1884 498 1984 generatio
513 1908 645 1957 eorum
673 1886 719 1957 ad
747 1886 1004 1958 mundeburde
1037 1887 1139 1986 regis
1164 1911 1232 1961 seu

1 2045 2 2076 3
78 1985 263 2059 ecclesiae
281 1995 501 2058 revertatur.

1 2081 2 2106 ³
180 2093 236 2160 14.
273 2085 314 2158 81
334 2097 462 2159 autem
480 2085 682 2160 Ribuarius
702 2085 878 2159 ancillam
896 2111 1000 2184 regls
1025 2110 1092 2161 seu
1113 2088 1235 2162 eccle-

1 2191 2 2280 }
78 2187 271 2260 siasticam
299 2187 359 2259 vel
385 2185 569 2258 ancillam
585 2187 761 2260 tabularii
796 2187 867 2261 sibi
899 2187 1122 2284 sociaverit,
1158 2214 1234 2263 non

1 2289 3 2356 ἶ
77 2289 168 2386 ipse,
188 2290 253 2361 sed
273 2287 486 2385 procreatio
507 2287 587 2361 eius
606 2291 756 2361 serviat.

179 2393 236 2464 15.
263 2388 303 2463 Si
328 2400 456 2462 autem
474 2388 675 2462 Ribuarius
701 2387 877 2462 ancillam
898 2388 1066 2462 Ribuarii
1091 2389 1129 2461 in
1154 2414 1233 2462 ma-

1 2521 2 2536 *
76 2489 250 2562 trimonio
277 2489 477 2587 acceperit,
505 2489 577 2587 ipsi
598 2514 683 2562 cum
703 2514 746 2562 ea
766 2489 803 2561 in
821 2489 977 2563 servitio
1004 2501 1233 2587 perseveret.

178 2593 235 2664 16.
269 2590 460 2670 Similiter
475 2599 513 2664 et
531 2590 597 2686 [si]
616 2590 794 2663 Ribuaria
811 2591 884 2665 hoc
909 2591 1055 2686 fecerit,
1083 2591 1167 2690 ipsa
1195 2603 1233 2665 et

77 2691 267 2790 generatio
287 2690 369 2766 eius
390 2691 427 2763 in
447 2691 610 2766 servicio
629 2703 885 2789 perseverent.

980 2852 1236 2859 --....-

546 2955 688 3010 19911
709 2938 751 3010 Β.

1 3050 2 3070 ¹
75 3071 253 3142 Ribuariam
276 3072 438 3152 acciperit3
463 3080 516 3135 aut
539 3073 565 3133 si
587 3075 730 3134 Romana
752 3073 802 3134 191
822 3074 908 3156 regia
931 3092 985 3135 seu
1007 3073 1187 3136 tabularia
1178 3095 1233 3135 rn-

75 3174 207 3235 genuum
230 3155 448 3217 Ribuarium'
439 3177 471 3217 rn
494 3157 727 3218 matrimonium
750 3157 906 3238 acciperit,
935 3157 1098 3239 generatio
1121 3176 1231 3218 eorum

75 3257 198 3320 semper
222 3241 262 3300 ad
284 3241 433 3302 interiora
458 3241 640 3303 declinetur

179 3327 228 3390 12.
258 3323 349 3398 Quod
373 3325 399 3386 si
422 3326 491 3405 quis
513 3325 672 3386 hominem
688 3325 806 3404 regium
829 3323 1029 3397 tabularium,
1050 3325 1232 3386 19191919-

75 3425 145 3467 nem
168 3426 263 3488 quam
286 3409 444 3482 feminam,
469 3409 507 3470 de
530 3409 736 3470 mundiburde
758 3409 841 3492 regis
865 3371 1038 3480 9191919111,
1059 3411 1100 3473 60
1123 3408 1232 3470 solidis

76 3491 236 3572 culpabilis
258 3491 420 3554 iudicetur.

180 3579 228 3642 1³.
252 3576 398 3638 Similiter
415 3585 445 3638 91
458 3577 521 3650 1119,
537 3598 589 3658 qur
582 3576 792 3638 'tabulariam
808 3577 858 3638 vel
879 3576 1122 3640 ecclesiasticam
1137 3576 1233 3638 lemi-

75 3677 146 3720 nam
163 3679 219 3722 seu
233 3660 386 3722 19199919
409 3662 448 3723 69
470 3663 688 3729 mundeburde
705 3660 856 3722 ecclesiae
872 3660 1044 3734 abstulerit,
1066 3665 1107 3728 60
1123 3661 1233 3724 solidis

75 3742 238 3822 culpabilis
259 3743 422 3821 iudicetur,
446 3752 478 3807 91
499 3745 721 3807 nihilhominus
737 3745 899 3826 generatio
915 3765 1024 3807 eorum
1040 3745 1079 3807 ad
1097 3745 1234 3806 munde-

75 3827 206 3888 burdem
229 3828 313 3909 regis
336 3847 392 3890 seu
414 3792 568 3892 ’ecclesiae
589 3835 776 3890 revertatur.

183 3913 230 3976 14.
268 3911 299 3972 81
322 3923 426 3975 autern
450 3913 615 3975 Ribuarius
638 3912 782 3974 ancillam
806 3913 888 3995 regis
911 3932 966 3974 seu
989 3912 1232 3974 ecclesiasticam

75 3994 123 4054 191
144 3995 288 4056 ancillam
311 3998 497 4060 tabularium
518 3996 771 4068 91119991919111,
794 3997 950 4076 nonipse,
973 3998 1028 4058 sed
1052 3997 1233 4076 procreatio

76 4077 140 4140 eius
162 4080 290 4141 9911191.

180 4167 229 4228 15.
272 4164 302 4224 81
331 4172 433 4226 autern
456 4165 620 4228 Ribuarius
647 4164 790 4227 ancillam
814 4162 985 4225 Ribuarii
976 4184 1007 4224 rn
1030 4162 1233 4225 matrimonio

76 4246 232 4326 acciperit,
254 4248 323 4326 ipse
347 4269 415 4310 curn
440 4269 478 4312 99
498 4251 530 4310 11
554 4249 682 4312 99111119
705 4254 896 4328 perseveret.

181 4335 229 4397 16.
266 4332 414 4394 Similiter
436 4341 467 4394 et
488 4334 514 4396 si
537 4334 683 4395 Ribuaria
705 4333 768 4395 hoc
789 4333 907 4404 lecerit,
929 4332 998 4412 ipsa
1020 4339 1052 4393 et
1069 4330 1232 4412 generatio

76 4412 140 4476 eius
161 4414 194 4475 in
216 4417 344 4478 servitio
367 4426 581 4496 perseverent.

963 4531 999 4582 61
