3090 5258
289 1062 532 1195 'INDICES
564 1061 722 1145 Lucis
754 1062 1048 1145 RlBUAerlll.
1268 1092 1360 1152 ..os

119 1249 189 1303 Edit.
357 1247 420 1302 Coc.
441 1247 461 1301 A
474 1247 500 1301 3.
951 1245 1010 1300 A4.

314 1336 467 1416 lucipiunt
525 1336 659 1418 capitula
766 1335 918 1416 Incipiunt
939 1333 1079 1415 kapitula
1101 1333 1179 1417 legis
1201 1335 1260 1397 Ri-

252 1420 328 1504 legis
350 1420 499 1482 ltibuarii.
704 1420 843 1482 buariae.

157 1510 185 1570 1.
255 1507 282 1570 1.
306 1505 351 1565 De
366 1503 427 1566 ictu
444 1505 660 1585 ingenuorum.
727 1507 755 1570 1.
777 1503 824 1564 De
839 1502 902 1564 ictu
916 1502 1132 1583 ingenuorum.

177 1637 184 1652 .
251 1591 280 1653 2.
303 1589 349 1649 De
382 1588 540 1668 sanguinis
578 1590 662 1650 ellu-
724 1593 754 1652 2.
778 1587 824 1648 De
846 1586 1006 1667 sanguinis
1029 1584 1192 1646 effusione.

305 1673 403 1734 sicne.

155 1759 186 1822 3.
251 1757 281 1820 3.
303 1756 349 1816 De
371 1774 445 1818 osse
467 1756 575 1819 fracte.
725 1757 754 1820 3.
777 1755 823 1815 De
847 1773 920 1815 osso
944 1753 1053 1815 fracto.

154 1842 185 1906 4.
251 1842 281 1903 4.
303 1840 349 1900 De
371 1848 495 1919 punctu.
725 1841 755 1904 4.
776 1838 823 1900 Dc
845 1847 969 1918 puncto.

155 1927 185 1988 5.
252 1929 280 1986 5.
305 1925 349 1984 lle
376 1922 597 1985 debilitatibus.
725 1927 754 1986 5.
777 1922 823 1983 De
846 1921 1070 1984 debilitatibus.

156 2010 185 2073 6.
251 2009 280 2071 6.
304 2008 350 2068 De
373 2007 573 2070 castratione.
725 2009 754 2072 6.
776 2005 824 2067 De
846 2005 1045 2068 castratione.

155 2095 185 2154 7.
252 2095 281 2154 7.
304 2092 349 2152 De
372 2090 551 2153 homicidio.
725 2093 754 2156 7.
776 2089 824 2150 De
845 2088 1026 2152 homicidio.

153 2176 184 2240 8.
215 2251 218 2258 ,
251 2175 281 2238 8.
303 2175 349 2235 lie
380 2174 557 2236 homicidiis
588 2192 662 2235 ser·
724 2175 754 2238 8.
777 2173 824 2234 De
845 2172 1022 2236 homicidiis
1045 2192 1221 2236 servorum.

304 2278 425 2320 vorrrm.

154 2344 184 2406 9.
251 2344 281 2406 9.
304 2343 350 2403 De
365 2341 540 2404 homicidiis
552 2340 661 2402 homi·
726 2343 755 2405 9.
779 2341 824 2401 De
871 2339 1048 2402 homicidiis
1096 2339 1258 2402 hominum

136 2513 184 2574 10.
232 2444 660 2574 106161110111116161151101111-
707 2509 753 2574 10.
776 2443 1049 2569 hhglshomicidiis
1097 2506 1258 2569 hominum

304 2613 377 2653 nnm
400 2593 560 2654 ecclesiae.
776 2589 1070 2660 ecclesiasticorum.
1183 2649 1184 2652 ,

1 2707 2 2714 “
135 2679 184 2742 11.
232 2679 281 2741 11.
304 2677 349 2737 De
364 2676 541 2738 homicidiis
558 2674 610 2756 qui
628 2675 659 2737 in
706 2676 754 2740 11.
781 2677 824 2736 De
857 2674 1033 2737 homicidiis
1066 2694 1174 2737 eornm
1206 2677 1258 2757 qui

305 2767 403 2822 truste
425 2778 499 2840 rege
522 2767 579 2821 est.
776 2759 807 2818 in
830 2765 931 2820 truste
954 2757 1035 2840 regis
1058 2765 1138 2821 sunt.

135 2847 184 2911 12.
233 2842 555 2908 laboborantem
586 2862 661 2905 mu·
705 2845 754 2908 12.
776 2842 822 2903 De
845 2842 1020 2904 homicidiis
1040 2843 1215 2907 mulierum.

1 2969 24 2986 ..
303 2927 424 2989 lienum.

1 3019 2 3058 Τ
136 3013 184 3077 13.
232 3013 280 3076 13.
304 3011 350 3072 De
386 3008 562 3072 homicidiis
596 3029 660 3090 pn·
706 3013 754 3076 13.
777 3010 823 3070 De
845 3008 1020 3070 homicidiis
1045 3010 1227 3090 puellarum.

304 3094 443 3158 ollarum.
687 3120 690 3125 ·

618 3221 700 3276 Godd.
718 3221 751 3276 B.

312 3311 465 3391 lucipiunt
486 3310 622 3394 capitula
643 3310 719 3392 legis
742 3309 971 3372 Ribu'arinrum.

156 3399 182 3461 l.
204 3396 252 3457 De
273 3395 335 3456 ictu
357 3395 573 3476 ingenuorum.

151 3483 181 3544 2.
204 3479 251 3540 De
274 3478 434 3560 sanguinis
457 3479 620 3542 effusione.

152 3567 181 3630 3.
204 3563 250 3623 De
272 3581 345 3624 osse
366 3563 477 3624 tracto.

150 3651 181 3712 4.
205 3646 251 3706 De
273 3655 398 3726 puncto.

151 3735 181 3796 5.
204 3730 251 3790 De
274 3728 494 3792 debilitatibus.

150 3817 181 3879 6.
204 3814 250 3874 De
273 3813 475 3876 castratione.

151 3901 180 3961 7.
202 3899 248 3958 De
271 3897 453 3959 homicidio.

149 3982 180 4045 8.
202 3980 249 4041 De
270 3981 446 4043 homicidiis
469 3998 644 4042 servorum.

150 4067 180 4130 9.
203 4065 250 4125 De
271 4063 446 4126 homicidiis
468 4062 602 4125 hominis
627 4062 718 4146 regis.

1 4215 2 4218 ,
130 4149 179 4212 10.
202 4149 247 4208 De
269 4147 447 4210 homicidiis
470 4147 632 4208 hominum
656 4144 947 4209 ecclesiasticorum.

131 4232 180 4297 11.
204 4233 249 4293 lle
270 4231 448 4293 homicidiis
471 4249 580 4293 eorum
605 4230 710 4312 quiin
734 4237 831 4293 truste
855 4231 937 4312 regis
961 4234 1043 4293 sunt.

32 4349 34 4352 ·
131 4317 182 4378 12.
205 4315 251 4376 lie
272 4314 452 4377 homicidiis
476 4314 651 4376 mulierum.

133 4401 184 4463 13.
207 4399 252 4460 lle
274 4397 451 4461 homicidiis
474 4397 658 4478 puellarum.

1167 3201 1257 3210 ——aeu

1012 4514 1028 4562 3
