3110 5232
287 497 340 551 122
549 497 624 553 LEX
645 497 872 557 nnnucoultu
892 498 1169 559 CHAMAVORUII.

813 674 904 748 XLI

330 890 356 962 l
349 791 424 963 dSi
440 790 524 967 (ptis
540 791 640 865 viam
655 793 848 891 publicam
862 793 1081 891 clauserit,'
1071 819 1109 867 m
1123 794 1230 868 fredo
1246 794 1434 868 dominico

284 914 327 964 so
347 916 356 962 ι
385 915 428 965 os

805 995 911 1069 XLII.

382 1109 423 1184 Si
443 1135 528 1208 quis
538 1109 703 1187 Francus
712 1113 827 1186 homo
842 1114 1014 1188 hahuerit
1029 1112 1153 1188 filios*
1154 1113 1433 1211 hereditatem

283 1233 392 1284 suam
411 1211 458 1285 de
477 1212 582 1306 sylva
608 1224 645 1287 et
670 1214 716 1287 de
741 1223 842 1287 terra
861 1214 916 1289 eis
934 1214 1097 1288 dimittat
1116 1225 1154 1288 et
1173 1216 1219 1289 de
1238 1214 1435 1329 mancipiis

284 1322 321 1385 et
340 1312 386 1384 de
401 1312 563 1411 peculio.
592 1313 648 1388 De
663 1324 833 1388 materna
846 1315 1058 1390 hereditate
1072 1315 1272 1390 similiter
1263 1341 1301 1387 m
1316 1313 1434 1388 filiam

282 1412 422 1486 veniat.

397 1510 422 1594 ⁴⁸)
446 1511 526 1574 duos
549 1521 667 1594 additi,
692 1525 763 1595 quoa
786 1538 868 1580 aeaut
887 1530 963 1581 caret
986 1531 1012 1582 et
1033 1525 1155 1595 fortasse
1170 1539 1207 1581 aa
1224 1525 1322 1581 ultimis
1340 1527 1433 1582 lictant
1499 1505 1502 1513 ¹

449 1608 628 1662 antecedentia
649 1565 724 1661 ieros
744 1592 826 1657 filios
848 1609 1210 1677 iteratiaon'pinemdom15
1236 1607 1434 1678 cotemnit

449 1680 529 1740 duos
551 1691 792 1760 tentatationum
805 1693 906 1746 tastum
917 1689 994 1744 tutus
1007 1693 1101 1760 capitit
1114 1691 1213 1760 atiquo
1225 1689 1305 1744 datio
1320 1688 1433 1744 antitet.

191 1840 294 1897 atto.
796 1816 919 1892 XLIII.

383 1935 488 2010 De
479 1935 707 2036 ingenuis
741 1936 1041 2034 hominibus,
1082 1938 1313 2034 quomodo
1353 1947 1431 2010 aut

283 2036 502 2150 qualiter
528 2038 582 2109 ad
609 2035 849 2134 placitum
882 2062 965 2135 per
991 2038 1193 2110 bannum
1221 2037 1431 2110 debeant

196 2137 199 2144 ’
281 2135 460 2211 venire
501 2137 710 2252 Ingenuus,
739 2137 771 2210 si
797 2161 866 2235 per
891 2137 1069 2211 comitem
1096 2148 1160 2211 aut
1183 2136 1430 2236 permissum

281 2263 391 2312 suum
411 2237 585 2312 bannitus
599 2237 713 2312 fuerit
723 2237 820 2312 mira
831 2239 1049 2312 comitatum
1060 2239 1106 2312 de
1121 2237 1285 2311 maxima
1305 2263 1430 2334 causa,

281 2364 397 2438 super
420 2351 552 2414 noctes
578 2342 624 2413 14
650 2341 695 2411 ad
722 2337 901 2437 placitum
929 2339 1065 2413 veniat.
1108 2339 1148 2414 Si
1174 2339 1297 2413 minor
1316 2363 1430 2412 causa

280 2440 458 2537 extiterit,
478 2465 593 2538 super
610 2451 740 2514 noctes
760 2445 782 2514 7
801 2440 848 2513 ad
867 2439 1047 2538 placitum
1066 2439 1204 2514 veniat.
1313 2527 1317 2534 ¹

796 2576 913 2649 XLIV.

379 2693 420 2769 Si
450 2695 535 2794 quis
562 2698 609 2770 de
633 2695 710 2769 Iido
736 2721 804 2770 suo
829 2721 898 2793 pro
922 2695 1049 2794 aliqua
1077 2719 1189 2770 eausa
1215 2695 1252 2768 in
1279 2695 1427 2769 ratione

278 2795 393 2869 fuerit
419 2795 612 2893 inventus,
637 2821 752 2895 super
773 2808 905 2870 noctes
929 2800 973 2871 14
992 2795 1117 2894 ipsum
1140 2796 1259 2869 Iidum
1284 2798 1330 2869 ad
1349 2796 1428 2895 pIa-

279 2895 395 2969 citum
415 2898 586 2992 adducat,
605 2897 638 2971 si
658 2896 786 2971 senior
803 2922 895 2971 suus
915 2897 952 2969 in
977 2897 1061 2996 ipso
1082 2897 1263 2971 comitatu
1282 2909 1351 2972 est.
1387 2897 1426 2972 Si

277 2996 314 3070 in
333 2997 409 3071 aIio
430 2996 608 3071 comitatu
634 3008 708 3094 est,
734 2997 814 3096 ipse
833 2998 933 3072 Iidus
951 3022 1060 3071 suum
1078 2997 1267 3073 seniorem
1284 3001 1331 3071 ad
1349 2999 1427 3096 pIa·
1450 3049 1454 3054 -

278 3097 393 3171 citum
414 3099 575 3172 adducat
597 3124 710 3197 super
734 3109 865 3173 noctes
893 3101 952 3174 25
994 3097 1032 3173 Si
1052 3098 1090 3171 in
1108 3098 1226 3173 tercio
1246 3099 1426 3174 comitatu

277 3211 347 3295 est,
358 3224 471 3298 super
479 3211 609 3274 noctes
621 3203 681 3276 42
702 3199 876 3274 Simalio
890 3202 1025 3273 ducato
1039 3210 1096 3273 est
1098 3225 1231 3298 super
1240 3203 1425 3274 noctes84

276 3325 363 3374 cum
382 3326 451 3375 suo
471 3300 621 3375 seniore
640 3300 767 3375 veniat
785 3301 861 3373 ad
851 3325 973 3400 ipsum
993 3253 1210 3397 placiIumL

389 3399 415 3484 *)
439 3418 509 3461 oum
533 3399 657 3462 seniore
678 3419 737 3463 suo
760 3400 881 3462 ducat
902 3399 942 3461 ad
966 3398 1110 3480 placitum
1133 3409 1162 3465 2.

799 3521 901 3594 XLV

376 3641 436 3714 De
463 3652 613 3739 raptu.
656 3640 696 3716 Si
724 3641 809 3738 quis
836 3639 1022 3740 ingenuus
1051 3667 1136 3714 oum
1163 3640 1249 3714 Iidis
1275 3654 1424 3740 raptum

274 3741 420 3838 fecerit,
440 3766 525 3815 cum
545 3766 618 3814 uno
636 3742 757 3824 wadio
772 3753 809 3815 et
824 3767 897 3815 una
910 3767 1023 3815 manu
1043 3744 1245 3816 emendare
1262 3746 1422 3817 studeat.

667 3901 672 3910 ·
786 3877 906 3952 XLVI.

373 3996 413 4073 Si
433 3997 516 4096 quis
534 3997 729 4073 hominem
748 3997 786 4071 in
804 4000 955 4072 mordro
983 3998 1175 4095 occiderit,
1200 4009 1290 4072 tuno
1315 4010 1422 4074 exeat

273 4102 320 4173 ad
349 4098 548 4196 iudicium,
577 4111 642 4174 aut
666 4124 756 4174 suus
783 4098 907 4173 senior
933 4123 1001 4198 per
1028 4110 1309 4175 sacramentum
1336 4125 1421 4174 eum

272 4200 417 4275 liberet.

775 4300 908 4374 XLVII.

373 4418 414 4492 Si
441 4420 547 4493 cuius
574 4421 740 4518 puellam
767 4431 985 4518 sponsatam
1012 4419 1109 4495 alius
1137 4420 1307 4518 priserit,
1335 4421 1421 4495 soli·

273 4523 340 4626 (Ios
363 4523 437 4596 200
457 4544 683 4620 componere
703 4521 829 4615 faeiat,
849 4520 887 4594 in
907 4522 1011 4596 fredo
1031 4520 1174 4596 solidos
1195 4524 1253 4596 60.
