3090 5258
546 486 621 544 LEX
640 487 826 544 ulamma.
1232 489 1268 545 65

589 679 613 734 a
631 678 734 735 coru.
752 661 792 735 A.

211 801 247 874 2.
284 799 390 887 Quod
424 799 456 873 si
484 799 614 899 regius
643 811 708 873 aut
735 799 1016 874 ecclesiasticus
1047 801 1162 876 homo
1194 803 1367 881 horim

107 901 257 997 iecerit,
281 901 338 974 bis
362 901 652 1000 quinquegenus
675 901 818 975 solidus
841 900 1040 1000 culpabilis
1069 902 1267 978 iudicetur.

211 1043 245 1114 3.
278 1036 460 1112 Similiter
487 1036 542 1108 illi
568 1048 666 1131 tres,
693 1037 756 1135 qui
792 1037 827 1112 ei
855 1037 1130 1135 auxiliaveriut,
1155 1065 1269 1116 unus·

109 1141 274 1241 quisque
287 1139 459 1237 trigenas
474 1137 618 1212 solidus
634 1137 834 1236 culpabilis
850 1138 1048 1213 iudicetur.
1080 1140 1127 1213 Et
1140 1142 1268 1239 quanti

110 1266 227 1340 super
249 1241 320 1313 hos
342 1239 495 1334 fuerint,
516 1239 773 1337 uuusquisque
792 1250 925 1313 octavo
946 1239 1158 1316 simisolido
1175 1243 1270 1316 mul·

110 1354 221 1417 tetur.

214 1483 250 1555 4.
278 1478 385 1567 Quod
405 1475 437 1549 si
453 1500 585 1550 servos
600 1477 672 1550 hoe
689 1476 836 1574 feeerit,
856 1478 901 1550 de
921 1475 1000 1550 vita
1023 1491 1269 1577 conponatur.

627 1649 763 1725 XXXV.
865 1655 869 1662 '

218 1775 250 1843 1.
279 1767 319 1842 Si
348 1767 431 1866 quis
460 1793 614 1842 uxorem
642 1768 805 1842 alienam
833 1770 978 1844 tullerit
995 1770 1082 1845 vivo
1110 1771 1270 1870 marido,

115 1874 286 1946 ducenus
305 1869 450 1944 solidus
470 1869 661 1944 multetur.

216 2012 250 2083 2.
287 2007 327 2082 Si
372 2005 455 2105 quis
495 2029 579 2078 eum
626 2005 829 2102 ingenuam
866 2009 1035 2105 puellam
1074 2021 1272 2085 moecatus

115 2109 243 2205 fuerit,
262 2111 312 2183 50
330 2107 473 2182 solidos
494 2105 692 2204 culpabilis
711 2106 909 2183 iudicetur.

218 2251 251 2322 3.
280 2245 319 2319 Si
344 2245 427 2343 quis
456 2245 659 2343 ingenuam
688 2244 853 2342 puellam
876 2246 936 2319 vel
963 2246 1180 2343 mulierem,
1208 2248 1272 2346 qui

118 2347 154 2420 in
173 2349 290 2421 verbo
318 2348 419 2443 regis
445 2344 506 2418 vel
530 2344 786 2419 ecelesiastica
809 2357 880 2436 est,
899 2346 1072 2446 accipere
1086 2347 1147 2420 vel
1165 2348 1274 2421 sedu-

1 2495 2 2498 π
118 2474 203 2524 cere
231 2473 298 2522 seu
323 2457 523 2544 parentum
550 2445 782 2518 voluntatem
807 2446 853 2520 de
873 2449 1129 2522 mundeburde
1148 2451 1304 2522 austu-r·
1320 2460 1374 2508 22⁰·

115 2550 215 2647 lerit,
235 2548 293 2623 bis
313 2551 362 2622 30
380 2547 523 2621 solidos
543 2545 743 2644 culpabilis
763 2545 959 2621 iudicetur.

593 2801 737 2858 acuar.
761 2786 803 2857 B.

226 2923 256 2984 2.
289 2919 381 2995 Quod
416 2919 442 2981 ai
475 2919 579 3003 regius
613 2928 667 2982 aut
685 2920 913 2983 ecclesiasticus
941 2919 1039 2982 homo
1067 2919 1129 2982 hoe
1155 2920 1305 2997 fecerim.
1322 2929 1374 2978 aaa

1 3012 2 3098 J
120 3008 181 3072 100
206 3003 316 3066 solidis
339 3003 501 3086 culpabilis
522 3004 686 3067 iudicetur.

227 3127 257 3190 3.
280 3123 427 3186 Similiter
440 3124 483 3184 illi
499 3131 575 3196 tres,
593 3124 645 3205 qui
661 3126 689 3185 ei
700 3124 847 3186 auxilium
870 3123 1081 3203 praebuerint,
1103 3123 1277 3204 unusquis-

115 3229 180 3293 que
200 3212 241 3275 30
257 3208 366 3270 solidis
387 3207 549 3289 culpabilis
568 3208 732 3270 iudicetur.
769 3208 808 3268 Et
827 3207 936 3288 quanti
955 3225 1050 3287 super
1069 3205 1130 3269 hos
1152 3206 1277 3282 fuerint,

117 3293 334 3375 unusquisque
356 3300 470 3354 octavo
494 3291 677 3354 semisolido
701 3291 856 3353 multetur.

227 3417 257 3479 4.
281 3412 420 3488 Quodsi
444 3432 552 3474 servus
575 3412 637 3473 liae
658 3411 778 3483 lecerit,
802 3411 842 3471 de
864 3409 926 3471 vita
950 3416 1119 3489 conponat.

530 3631 535 3646 ,
614 3565 773 3629 xxxvu.

330 3671 378 3732 De
403 3689 448 3731 eo
472 3670 536 3750 qui
559 3689 720 3731 uxerem
745 3669 910 3732 alienam
934 3668 1077 3731 tulerit.

154 3859 199 3922 ult
219 3776 258 3920 tl.
281 3773 313 3833 Si
336 3772 405 3855 quis
421 3791 553 3834 uxorem
570 3772 704 3835 alienam
722 3771 826 3833 tulerit
848 3771 920 3833 vive
943 3771 1066 3845 marito,
1090 3773 1152 3837 200
1166 3768 1278 3832 solidis
1329 3826 1341 3838 „

121 3879 152 3920 m
200 3877 279 3920 eur.

229 3982 259 4044 2.
283 3978 314 4040 Si
336 3977 405 4059 quis
428 3996 498 4038 cum
519 3975 652 4058 ingenua
670 3974 774 4056 puella
789 3973 973 4037 moechatus
988 3973 1093 4048 luerit,
1116 3974 1156 4038 50
1171 3971 1280 4034 solidis

117 4061 287 4150 ,culpabitis
308 4061 473 4123 iudicetur.

230 4185 261 4248 3.
284 4182 316 4244 Si
340 4182 407 4263 quis
428 4182 595 4263 ingenuam
619 4179 755 4260 puellam
774 4178 825 4240 vel
840 4178 1013 4256 mulierem,
1035 4195 1116 4257 quae
1134 4176 1166 4238 in
1181 4177 1280 4236 verbo

123 4267 208 4348 regis
232 4266 282 4327 vel
304 4265 517 4328 ecclesiastiea
538 4264 608 4338 *est
630 4263 773 4343 accipere
795 4261 845 4324 vel
868 4263 1017 4324 seducere
1036 4278 1091 4322 seu
1113 4267 1279 4342 pareutum
1292 4269 1331 4328 *μ
1346 4269 1403 4319 tta.

125 4351 288 4497 {legwige
327 4352 367 4412 de
407 4349 623 4411 mundeburde
661 4346 844 4419 abstulerit,
887 4349 928 4412 60
969 4343 1077 4407 solidis
1117 4342 1280 4425 culpabilis

1034 4545 1050 4594 ὁ
