3110 5232
535 449 612 506 LEX
631 448 816 506 ulturum.

580 641 720 698 acuar.
739 623 779 696 Α.

99 778 217 854 tiatus
240 791 317 876 est,
346 779 418 879 ipsi
443 804 488 854 ex
510 781 585 853 hoc
610 779 809 878 culpabilis
837 780 1042 877 iudicetur⁷
1075 781 1138 878 qui
1171 805 1258 855 eum

101 904 146 953 eo
167 891 338 978 tempore
357 891 445 980 post
463 905 505 956 se
524 890 705 955 reteneat.
1220 965 1222 972 ¹

203 983 238 1054 5.
271 980 311 1055 Si
331 981 447 1055 homo
473 984 758 1056 commendatus
779 980 839 1054 vel
861 980 1044 1079 fugitivus
1060 983 1259 1061 defunctus

4 1133 5 1166 2
100 1080 236 1176 fuerit,
264 1081 442 1156 similiter
463 1082 499 1155 in
526 1083 734 1179 quadruvio
762 1106 846 1154 cum
866 1090 1010 1156 retorta
1038 1082 1259 1180 sepeliatur.

4 1213 5 1278 j
100 1181 209 1270 Quod
229 1181 261 1255 si
282 1182 335 1255 ita
354 1208 429 1256 non
448 1183 595 1278 fecerit,
615 1182 707 1280 ipsi,
727 1182 790 1280 qui
811 1207 896 1255 eum
919 1192 1006 1282 post
1024 1207 1064 1257 se
1084 1184 1259 1281 retenuit,

4 1323 5 1380 3
99 1283 272 1380 precium
291 1283 346 1357 rei
367 1308 452 1358 cum
471 1283 571 1383 legis
591 1283 772 1360 beneficio
794 1282 993 1381 culpabilis
1012 1283 1210 1358 iudicetur.

204 1387 237 1458 6.
290 1383 329 1458 Si
362 1396 489 1458 autem
527 1384 666 1458 animal
701 1383 913 1458 intertiatus
949 1383 1044 1458 infra
1078 1383 1260 1482 placitum

100 1495 272 1558 mortuos
291 1485 417 1580 fuerit,
435 1496 524 1558 ωηο
542 1484 611 1581 illi,
636 1485 699 1583 qui
720 1509 874 1559 causam
892 1485 1144 1584 prosequitur,
1174 1509 1259 1558 οιηη

4 1581 5 1656 ζ
99 1584 259 1659 testibus
285 1609 496 1660 memorare
525 1588 650 1679 dehet,
680 1585 841 1684 qualiter
863 1585 1101 1684 adpreciatus
1134 1586 1260 1680 fuerit,
1467 1676 1470 1684 Ι

101 1695 140 1758 et
176 1685 253 1779 illi,
305 1711 421 1785 super
456 1710 570 1785 quem
607 1687 847 1782 interdatur,
898 1687 1000 1760 corio
1039 1711 1109 1760 οοη
1148 1697 1359 1785 capuit-²⁶¹·

101 1786 335 1885 decortigato
357 1787 393 1859 in
412 1787 629 1886 praeseutia
649 1787 784 1861 iudicis
802 1797 1121 1861 auctoremsuum
1136 1798 1261 1861 osten·

100 1887 192 1960 dere
226 1889 346 1961 debet.
396 1888 504 1976 Quod
532 1889 564 1962 si
594 1898 726 1962 auctor
751 1887 959 1987 reciperet,
995 1899 1100 1962 tanto
1137 1887 1259 1962 solido

102 2013 177 2061 uno
198 1989 244 2061 de
265 1988 349 2062 eine
368 1989 558 2063 werdunia
576 2014 643 2087 pro
665 1989 768 2062 corio
788 1989 972 2063 restituat.

204 2092 238 2160 7.
274 2089 381 2177 Quod
398 2089 430 2164 si
447 2089 587 2163 animal
605 2089 733 2162 vivum
754 2089 866 2163 fuerit
886 2100 924 2163 et
944 2089 1179 2163 debilitatum
1200 2089 1261 2163 vel

102 2189 371 2286 macilendum,
394 2202 575 2288 quantum
604 2215 648 2264 eo
677 2202 850 2290 tempore
878 2191 1115 2288 adpreciatus
1134 2190 1260 2286 fuerit,

102 2289 228 2363 slede
255 2315 350 2365 cenu
375 2290 564 2365 werdunia
588 2291 772 2366 restituat.
814 2290 854 2364 Si
882 2301 1010 2363 autem
1038 2315 1172 2364 sanum
1200 2290 1261 2364 vel

4 2487 5 2492 Ἰ
102 2389 374 2465 inmaculatum
398 2391 625 2488 restituerit7
655 2403 743 2465 ωηο
771 2415 923 2465 ornnem
951 2391 1121 2488 precium
1149 2415 1259 2466 suum

102 2491 178 2564 reci
208 2491 272 2565 iat.

181 2517 239 2668 ΡΘ.
284 2592 391 2680 Quod
412 2593 442 2667 si
464 2595 564 2666 furtu
593 2594 741 2666 ablatus
765 2591 901 2688 fuerit⁷
929 2603 1018 2664 ωηο
1043 2592 1121 2688 illi,
1148 2616 1263 2689 super

102 2773 302 2782 *m

579 2920 721 2975 acopo.
741 2903 784 2974 Β.

4 3047 6 3130 ζ
101 3062 157 3126 est,
178 3055 249 3133 ipsa
272 3055 311 3114 de
333 3055 396 3116 hoo
417 3055 579 3136 culpabilis
601 3055 769 3136 iudicetur,
794 3056 846 3137 qui
870 3075 940 3117 eum
964 3074 1003 3115 eo
1024 3061 1168 3134 tempore
1190 3063 1263 3135 post

4 3133 5 3150 ¹
102 3156 136 3199 se
158 3137 298 3200 retinuit.

4 3213 6 3302 ἶ
207 3225 237 3288 5.
281 3221 313 3283 Si
341 3222 440 3284 homo
470 3223 708 3286 commendatus
731 3222 781 3284 vel
804 3221 948 3303 fugitivus
972 3220 1135 3282 defunctus
1158 3221 1261 3294 fuerit,

101 3304 243 3366 similiter
264 3306 295 3366 in
318 3306 493 3386 quadruvio
516 3327 583 3369 oum
607 3315 727 3368 retorta
750 3306 930 3387 sepeliatur.
970 3305 1061 3378 Quod
1085 3305 1111 3367 si
1132 3304 1174 3366 ita
1196 3322 1260 3365 non

100 3389 223 3462 feeerit,
253 3389 338 3470 ipse,
368 3389 420 3470 qui
451 3409 521 3451 eum
549 3398 621 3471 post
649 3409 684 3451 se
705 3390 842 3461 retinuit,
869 3388 1001 3470 pretium
1024 3389 1069 3448 rei
1091 3407 1160 3449 οιηη
1183 3387 1260 3471 legis

100 3472 256 3534 beneficio
280 3473 440 3554 culpabilis
463 3474 627 3536 iudicetur.

206 3561 236 3622 6.
282 3557 313 3618 Si
336 3563 440 3619 autem
464 3557 581 3619 animal
602 3556 795 3618 intertiatum
817 3556 898 3617 infra
924 3555 1072 3635 placitum
1103 3561 1259 3616 mortuum

99 3637 204 3711 fuerit,
226 3649 299 3701 ωηο
321 3640 382 3715 ille,
408 3642 461 3721 qui
483 3660 611 3702 oausam
633 3640 843 3722 prosequitur,
874 3659 944 3700 oum
966 3639 1097 3700 testibus
1121 3637 1260 3700 *memo-
1278 3657 1310 3717 *μ
1325 3658 1380 3707 261.

99 3742 173 3784 rare
201 3725 309 3799 debet,
337 3725 472 3805 qualiter
502 3725 710 3805 adpretiatum
740 3725 847 3796 fuerit,
880 3730 912 3784 et
943 3722 1011 3794 ille,
1039 3741 1134 3810 super
1168 3742 1261 3804 quem

98 3807 285 3880 intertiatur‚
312 3807 399 3870 corio
428 3828 497 3870 oum
527 3808 629 3889 capite
660 3808 852 3871 decorticato
878 3807 909 3868 in
940 3814 1129 3887 praesentta
1151 3806 1261 3869 iudicis

101 3900 261 3954 auctorem
284 3913 373 3953 suum
396 3893 564 3954 ostendere
586 3893 686 3954 debet.
725 3891 815 3966 Quod
840 3893 865 3954 si
881 3900 990 3953 auctor
1006 3891 1163 3971 reciptrit
1185 3899 1262 3953 tan-

100 3982 165 4036 tum
189 3976 322 4038 solidum
347 3997 442 4037 unum
466 3977 505 4037 de
528 3976 596 4037 eine
618 3977 779 4038 werdunia
803 3994 861 4055 pro
884 3975 973 4036 corio
996 3976 1149 4035 restituat.

185 4064 214 4124 7.
252 4058 343 4131 Quod
375 4060 401 4121 si
429 4059 545 4122 animal
567 4059 670 4121 vivum
693 4059 787 4121 fuerit
808 4067 839 4118 et
863 4056 1055 4118 debilitatum
1078 4059 1128 4118 vel
1151 4075 1261 4118 mace-

100 4141 237 4212 lentum,
269 4150 418 4224 quantum
442 4163 481 4204 eo
505 4151 647 4223 tempore
669 4143 902 4222 adpraetiatum
923 4141 1034 4214 fuerit,
1060 4141 1104 4202 sic
1150 4160 1167 4201 e
1190 4143 1260 4200 cine

99 4226 261 4288 werdunia
282 4228 436 4290 restituat.
473 4228 504 4288 Si
521 4236 626 4288 autem
641 4247 751 4290 sanum
768 4226 817 4288 vel
838 4225 1062 4286 inmaculatum
1078 4243 1128 4286 res
1156 4224 1262 4296 tuerit,

4 4335 6 4392 ᾗ
99 4317 173 4371 ωηο
195 4329 288 4372 omne
311 4312 445 4391 pretium
470 4331 559 4373 suum
583 4312 722 4392 recipiat.

205 4395 234 4459 8.
273 4393 365 4468 Quod
383 4394 423 4482 ¹si
449 4397 532 4457 l'urto
563 4395 701 4458 ablatum
732 4395 836 4467 luerit,
867 4401 941 4455 ωηο
962 4392 1014 4454 ille
1038 4383 1260 4539 superfiuem

1005 4507 1032 4559 7*
1176 4509 1177 4512 ,
