3110 5232
710 471 789 529 LEX
806 471 995 529 RlBUAIllA.

750 663 894 720 acono.
914 647 954 720 Α.

269 783 533 859 venationibus
563 783 621 857 vel
650 785 696 857 de
722 783 1006 882 piscationibus,
1037 784 1225 882 quianon
1252 807 1314 858 res
1343 807 1434 882 pos·

270 910 398 981 sessa,
426 886 491 958 sed
519 886 565 958 de
601 884 706 983 ligna
742 884 878 982 agitur.
928 889 1002 959 Aut
1030 886 1062 958 si
1091 885 1307 984 negaverit,
1344 907 1433 957 cum

270 986 466 1060 tresiurit.

766 1085 935 1158 LXXVll.

169 1241 193 1284 ,a
209 1223 259 1271 aaa.
370 1203 409 1278 Si
440 1203 524 1301 quis
551 1204 745 1277 hominem
769 1228 883 1302 super
909 1230 970 1279 res
994 1229 1081 1279 suas
1100 1201 1433 1304 conprehenderit,

272 1315 310 1378 et
328 1327 415 1377 eum
434 1304 556 1402 ligare
574 1305 758 1400 voluerit,
786 1315 852 1380 aut
875 1330 992 1403 super
1019 1330 1192 1401 uxorem,
1223 1315 1288 1378 aut
1314 1327 1435 1402 super

270 1403 407 1500 filiam,
433 1405 493 1477 vel
519 1405 580 1478 his
609 1405 819 1501 similibuS,
847 1415 885 1480 et
909 1431 984 1479 non
1010 1405 1266 1505 praevaluerit
1284 1405 1433 1503 legare,

271 1506 337 1579 sed
364 1505 516 1578 colebus
542 1505 576 1579 ei
606 1505 830 1602 excesserit,
859 1517 897 1580 ct
924 1530 1011 1581 eum
1037 1506 1276 1600 interficerit,
1302 1529 1434 1578 coram

270 1606 431 1680 testibus
457 1606 494 1678 in
521 1607 729 1704 quadruvio
750 1606 788 1679 in
809 1607 895 1681 clita
916 1631 1002 1681 eum
1021 1607 1148 1681 levare
1167 1608 1291 1700 debet,
1317 1605 1433 1679 etsie

270 1709 320 1780 to
347 1731 414 1780 seu
446 1711 489 1780 14
519 1719 651 1782 noctes
687 1707 897 1803 custodire,
936 1719 972 1782 et
999 1719 1087 1781 tunc
1115 1719 1201 1781 ante
1238 1707 1362 1780 iudice
1390 1705 1432 1778 in

269 1807 387 1880 harae
422 1807 606 1902 coniurit,
643 1811 741 1906 quod
770 1833 856 1881 eum
894 1810 940 1882 de
972 1809 1050 1883 vita
1082 1809 1283 1882 forfactum
1318 1807 1433 1880 inter-

270 1907 436 1981 fecisset.
474 1907 541 1981 Sin
567 1920 694 1982 autem
721 1909 793 1983 ista
818 1934 894 1982 non
920 1909 1203 2007 adimpleverit,
1231 1907 1432 1981 homicidii

271 2007 468 2104 culpabilis
494 2009 689 2082 iudicetur.
738 2011 813 2082 Aut
838 2011 869 2082 si
897 2010 1113 2109 negaverit,
1142 2034 1227 2083 oum
1253 2008 1430 2108 legitimo

269 2133 426 2182 numero
447 2109 557 2205 iuret,
577 2112 674 2207 quod
694 2111 768 2182 hoc
785 2135 860 2183 non
879 2111 1043 2184 fecisset.

756 2265 941 2338 LXXVlll.

372 2381 413 2455 Si
430 2383 513 2480 quis
530 2384 703 2456 furonem
719 2383 756 2455 in
772 2386 883 2457 domo
898 2384 1097 2483 reciperet,
1113 2384 1174 2458 vel
1189 2384 1223 2457 ei
1240 2382 1432 2481 ospicium

272 2508 339 2557 seu
358 2483 500 2557 victum
524 2483 768 2582 praestiterit,
788 2486 877 2557 dum
901 2511 962 2560 res
984 2485 1128 2559 alienas
1143 2484 1337 2576 furaverit,
1357 2483 1432 2583 ipsi

753 2887 775 2938 u
795 2885 895 2940 coru.
916 2868 957 2940 B.

272 3021 323 3063 res
353 3019 502 3082 possessa
532 3009 593 3074 est,
623 3001 678 3063 sed
708 3003 747 3063 de
770 3002 852 3082 ligna
879 3003 988 3084 agitur.
1032 3005 1091 3065 Aut
1113 3003 1139 3066 si
1161 3003 1339 3097 negavepit,
1362 3022 1434 3065 cum

273 3087 292 3150 3
313 3084 404 3148 iuret.

170 3205 193 3246 ρ.
210 3187 261 3236 aaa.
782 3169 926 3233 LXXIX.

603 3273 654 3332 De
675 3271 835 3332 homine
857 3271 1101 3335 forbattudo.

377 3373 408 3433 Si
432 3373 500 3453 quis
518 3372 680 3435 hominem
696 3393 791 3453 super
806 3375 900 3434 rebus
916 3374 980 3436 suis
997 3373 1291 3454 conpraehenderit,
1315 3383 1347 3436 et
1362 3393 1435 3437 eum

272 3457 371 3537 ligare
385 3456 528 3530 voluerit,
551 3464 604 3518 aut
624 3475 719 3537 super
734 3476 875 3530 uxorem,
898 3478 954 3519 seu
969 3477 1065 3538 super
1082 3457 1187 3531 filiam,
1209 3457 1260 3518 vel
1274 3457 1325 3520 his
1342 3459 1436 3519 simi-

273 3540 365 3613 libus,
388 3547 420 3600 et
441 3559 503 3601 non
528 3539 741 3620 praevaluerit
761 3541 869 3622 ligare,
900 3543 955 3604 sed
983 3542 1171 3622 procolebus
1202 3541 1231 3603 ei
1253 3541 1435 3614 excesserit,

275 3630 307 3684 et
335 3642 406 3684 eum
434 3623 628 3696 interficerit,
660 3642 768 3684 coram
798 3624 926 3685 testibus
948 3625 980 3685 in
1003 3625 1179 3706 quadruvio
1201 3625 1233 3686 in
1257 3625 1337 3686 olida
1362 3646 1435 3687 eum
1542 3649 1545 3656 ·

275 3706 382 3768 levare
404 3707 513 3779 debet,
541 3714 572 3768 et
594 3706 639 3769 sic
661 3710 702 3772 40
725 3727 781 3769 seu
804 3709 1051 3786 quattuordecim
1075 3717 1184 3770 noctes
1208 3710 1379 3783 custodire,
1403 3719 1437 3771 et

274 3799 347 3852 tuuc
369 3799 441 3852 ante
462 3791 596 3851 iudicem
614 3790 644 3850 in
661 3791 762 3853 araho
778 3791 930 3864 coniuret,
946 3794 1029 3872 quod
1046 3813 1116 3854 eum
1133 3794 1173 3853 de
1188 3791 1251 3854 vita
1267 3793 1435 3855 forfactum

274 3874 494 3937 interfecisset.
537 3874 590 3935 Sin
622 3880 725 3936 autem
754 3876 813 3937 ista
836 3894 900 3936 uon
923 3876 1150 3956 adimpleverit,
1180 3877 1340 3938 homicidii
1364 3878 1436 3940 cul-

275 3959 387 4040 pabilis
408 3958 571 4020 iudicetur.
615 3961 676 4019 Aut
698 3958 724 4020 si
745 3960 916 4042 negaverit,
939 3979 1006 4021 cum
1030 3960 1167 4043 legitimo
1189 3980 1320 4024 numero
1343 3961 1436 4034 iuret,

276 4045 361 4125 quod
384 4044 445 4106 hoc
467 4062 531 4104 non
554 4042 688 4106 fecisset.

524 4189 526 4195 k
789 4127 919 4189 LXXX.

464 4229 516 4290 De
540 4248 585 4290 eo
610 4229 672 4308 qui
694 4229 822 4291 furem
845 4230 882 4290 in
907 4232 1018 4290 domo
1042 4229 1250 4310 reciperit.

382 4330 413 4391 Si
444 4331 511 4413 quis
542 4331 642 4392 furem
675 4333 705 4392 in
736 4332 832 4392 domo
859 4332 1012 4413 reciperit,
1042 4331 1092 4392 vel
1121 4331 1150 4392 ei
1177 4331 1350 4411 hospitium
1379 4349 1436 4392 seu

277 4415 390 4476 victum
418 4415 620 4494 praestiterit,
650 4417 724 4476 dum
746 4435 798 4476 res
821 4415 939 4477 alienas
962 4416 1084 4476 furatus
1105 4415 1208 4486 fuerit,
1236 4415 1305 4496 ipse
1327 4414 1437 4476 similis
