3090 5258
542 482 618 538 LEX
637 481 825 540 alunnum.
1228 485 1264 539 57

595 677 620 731 r
637 677 739 732 cour.
757 660 798 733 Α.

107 807 221 871 cetur.
258 797 296 872 Si
332 806 461 870 autem
487 795 596 894 regie
625 807 691 870 aut
716 797 1154 873 ecclesiasticohemine
1190 800 1263 874 hoc

5 903 6 906 ’
105 898 249 994 fecerit,
267 897 325 972 bis
345 902 368 974 9
387 897 532 972 soIidcs
552 898 754 998 culpabilis
774 899 972 975 iudicetur.

203 1118 310 1207 Quod
338 1118 371 1193 si
399 1141 532 1193 servus
562 1144 672 1194 servo
701 1119 804 1193 hictu
833 1146 903 1194 une
932 1121 993 1194 veI
1020 1122 1170 1196 duobus
1193 1146 1262 1197 seu

105 1218 223 1293 trihus
241 1219 485 1319 percusserit,
511 1219 606 1294 nihiI
626 1232 696 1296 est.
733 1221 807 1297 Sed
834 1233 960 1295 tamen
982 1233 1136 1320 propter
1155 1223 1261 1321 pacis

105 1320 272 1394 studium
291 1319 496 1396 tremisse*
515 1334 715 1421 conponat.

207 1438 232 1522 *I
255 1437 287 1499 id
311 1446 384 1500 sunt
405 1442 424 1504 4
447 1439 595 1501 denarios
620 1453 720 1505 addant
741 1441 771 1505 9.
797 1441 845 1506 10.

619 1561 738 1636 XXIV.

203 1659 244 1734 Si
270 1673 398 1736 autem
425 1687 558 1737 servus
592 1687 745 1737 servum
779 1665 1004 1761 sauguinem
1032 1664 1259 1739 effusionem

102 1761 247 1856 fecerit,
266 1763 385 1837 tercio
405 1764 578 1839 demedio
597 1765 720 1838 solide
741 1764 939 1864 culpabilis
959 1764 1158 1840 iudicetur.

202 1983 240 2060 Si
265 2009 353 2058 csso
374 1983 408 2058 ei
428 1984 595 2085 frigerit,
627 1884 810 2060 did'idos
835 1985 1035 2085 culpabilis
1059 1987 1256 2062 iudicetur.

618 2105 738 2179 XXVI.

201 2204 309 2293 Quod
324 2207 356 2280 si
372 2206 537 2303 oculum,
548 2206 769 2304 auriculam,
781 2231 929 2302 nasum7
940 2233 1106 2304 manum,
1121 2210 1257 2308 pedem

103 2308 323 2404 excusserit,
343 2307 400 2383 bis
420 2312 442 2384 9
461 2306 603 2383 solidos
631 2309 807 2383 dominus
836 2308 917 2384 eius
945 2310 1143 2407 culpabilis
1163 2309 1259 2383 iudi-

103 2417 205 2481 cetur
214 2408 240 2481 *.

220 2509 245 2592 *J
269 2514 323 2570 aut
346 2505 419 2571 cum'
439 2512 458 2574 6
481 2507 562 2569 iuret
583 2522 684 2574 audeat
701 2511 730 2573 6.
748 2513 777 2572 7.

573 2711 718 2768 accur.
740 2694 782 2766 B.

102 2840 153 2896 aut
173 2833 389 2896 ecclesiastico
412 2831 534 2894 homini
555 2831 618 2894 hoc
640 2831 762 2907 fecerit,
794 2835 832 2899 18
855 2832 964 2896 soIidIs
988 2834 1149 2915 culpabilis
1171 2836 1256 2899 iudi-

101 2928 194 2982 cetur.

618 3002 730 3063 XXIII.

301 3099 305 3104 ’
380 3104 430 3164 De
452 3104 529 3165 ictu
554 3123 760 3166 servorum
782 3105 821 3165 in
846 3124 979 3167 serve.

201 3206 294 3281 Quod
323 3210 349 3270 si
378 3225 487 3270 servus
510 3227 635 3268 servum
662 3206 723 3268 ictu
755 3226 817 3267 unc
846 3207 896 3268 vel
925 3208 1048 3269 duobus
1076 3227 1132 3270 seu
1159 3209 1256 3271 tribus

1 3323 2 3382 ᾗ
100 3292 298 3373 percusserit,
322 3291 399 3354 nihiI
422 3298 478 3353 est.
534 3291 594 3353 Sed
625 3300 729 3352 temen
757 3297 889 3371 propter
915 3291 1001 3372 pacis
1028 3291 1163 3353 studium
1187 3301 1258 3355 Ire-

1 3447 2 3474 }
98 3394 233 3468 missem‚
256 3379 292 3452 id
314 3389 372 3454 est
390 3381 413 3452 4
433 3377 613 3474 dinarios,
640 3400 808 3474 conponat.

620 3513 734 3576 XXIV.

220 3619 273 3680 De
296 3617 499 3698 sanguinis
523 3617 735 3680 effusione
757 3636 953 3680 servorum
978 3636 995 3679 a
1019 3635 1146 3679 servo.

202 3721 232 3783 Si
255 3730 362 3784 autem
384 3739 492 3782 servus
515 3739 607 3782 servo
630 3720 789 3802 sanguinis
811 3720 994 3782 effusionem
1019 3719 1137 3800 fecerit,
1163 3722 1256 3784 tertio

1 3850 2 3854 ,
100 3803 236 3866 dimedio
258 3805 362 3868 solide
385 3803 548 3885 culpabilis
568 3805 732 3868 iudicetur.

631 3926 731 3988 XXV.

306 4029 358 4090 De
381 4047 469 4091 csse
491 4028 621 4091 fracte
645 4019 845 4090 serverum
869 4047 887 4089 a
910 4046 1035 4090 servo.

201 4131 232 4193 Si
255 4152 291 4194 os
314 4130 343 4193 ei
366 4131 503 4213 fregerit,
530 4138 548 4196 5
571 4131 680 4195 solidis
703 4130 865 4211 culpabilis
888 4129 1053 4192 indicetur.

616 4252 731 4314 XXVI.

333 4369 336 4376 ’
388 4359 438 4417 De
461 4355 732 4418 debilitatibus
754 4373 969 4418 servorum.

200 4458 295 4532 Quod
309 4459 335 4520 si
350 4459 485 4532 oculum,
502 4458 683 4532 auriculam,
698 4477 821 4534 nasum,
844 4475 982 4530 manum,
1004 4457 1116 4538 pedem
1140 4474 1256 4519 excus-

98 4540 182 4619 serit,
207 4547 244 4610 18
266 4543 373 4605 solidis
396 4543 541 4606 dominus
564 4543 631 4605 eius
654 4543 816 4623 culpabilis
838 4541 1001 4603 iudicetur.
