3090 5258
292 427 329 480 26
715 423 791 480 LEX
810 423 996 481 RIBUARIA.

293 599 386 664 cedit.
429 598 569 662 Numeri
585 607 680 706 66666
694 597 848 662 rubricae
869 596 1038 661 titulorum
1060 597 1096 660 in
1117 605 1206 660 tentu
1228 595 1310 697 leqis
1323 616 1406 680 repe-

177 691 216 745 *6
232 697 283 739 sn.
293 692 417 746 tantur.
475 681 597 746 Ultima
645 682 741 762 (inde
765 706 787 746 a
809 679 1026 766 deprehensus
1054 679 1212 744 fueritin
1239 680 1332 743 titulo
1360 680 1407 760 90,

294 775 367 830 teat.
383 766 432 848 B)
455 766 695 830 desiderantur.
742 763 833 840 Quae
854 766 893 828 in
915 765 1024 829 codice
1044 763 1085 828 23
1107 764 1333 844 inveniuntur,
1373 765 1408 827 ai

295 851 370 915 olim
390 873 462 914 cum
476 849 585 914 codice
608 857 716 914 nostro
739 872 843 914 unum
864 849 1062 932 eundemque
1084 847 1224 912 codicem
1246 787 1407 931 effleiedct.

296 935 443 1000 Codiccm
472 943 618 998 nostrum
646 935 683 997 in
705 934 867 998 diuisione
888 933 1058 997 titulorum
1081 941 1177 1016 atque
1199 953 1333 996 numero
1354 952 1406 994 ru·

293 1019 460 1082 bricaram
482 1041 555 1082 cum
577 1016 686 1082 codice
708 1015 729 1080 5
751 1018 941 1102 6669666666
965 1025 1116 1117 apparet.

378 1101 435 1180 18)
460 1099 594 1167 Cedere
614 1100 838 1165 Vaticanus
856 1099 1098 1166 Christrnae
1114 1098 1202 1180 338,
1219 1097 1342 1162 saeculi
1356 1095 1408 1164 IX.

293 1187 449 1265 ineuntis,
479 1208 570 1271 quem
599 1185 845 1270 descripserunt
871 1185 963 1248 Perta
989 1185 1027 1248 in
1055 1183 1188 1247 ‘Arabio
1218 1183 1279 1246 der
1300 1179 1410 1245 6666666-

294 1268 480 1355 sclraftfr‘ir
502 1269 600 1333 dltere
622 1270 771 1334 deutsche
795 1268 1101 1332 Gescbicbtsleunde'
1127 1267 1160 1346 V,
1177 1289 1215 1350 p.
1238 1263 1410 1344 216-218,

293 1354 486 1433 Pordessus,
508 1353 581 1418 ‘Loi
596 1350 743 1436 Salique'
790 1400 798 1416 .
820 1352 974 1416 XLVIII.
989 1351 1105 1431 XLIX,
1127 1350 1228 1441 669666
1250 1348 1410 1414 Ribnerio·

293 1459 365 1501 rum
392 1436 542 1501 mutilam
569 1437 704 1502 enbibet.
748 1375 829 1500 ldde
856 1460 877 1499 a
904 1435 998 1500 titulo
1020 1435 1062 1499 39
1091 1440 1216 1517 (tentus
1238 1433 1288 1514 B)
1316 1453 1410 1516 usque

295 1522 340 1586 ad
353 1520 483 1586 titulum
497 1521 540 1585 46
562 1526 686 1602 (tentus
707 1521 750 1602 B,
772 1522 868 1584 caius
891 1519 1037 1583 ordinem
1058 1518 1160 1583 codea
1182 1526 1292 1582 noster
1312 1518 1410 1600 sequi-

295 1609 365 1686 tur)
391 1626 508 1688 pauca
534 1603 600 1690 6696
614 1612 766 1690 possunt.
810 1601 953 1688 Reliqua
974 1625 1076 1688 usque
1099 1602 1144 1666 ad
1155 1601 1265 1748 linem
1287 1600 1411 1678 adsunt,

294 1689 399 1754 titulis
415 1687 550 1752 77-79.
573 1691 723 1772 eaceptis,
747 1689 805 1772 qui
826 1689 917 1752 erasi
941 1695 1026 1755 sunt.
1081 1687 1182 1751 26666
1203 1686 1242 1749 91
1268 1707 1289 1748 6
1310 1683 1411 1748 codice

295 1780 523 1836 numeraretur.

382 1856 438 1935 19)
464 1855 598 1920 Coden
620 1855 790 1919 ducalis
812 1854 1011 1940 Guelferb
1048 1864 1174 1918 tanus
1191 1851 1412 1916 Gudianus

296 1937 385 2019 299,
408 1939 531 2003 6666666
546 1937 602 2018 ΙΧ,
624 1941 662 2002 66
683 1939 729 2019 4⁰,
752 1941 909 2004 continet:
922 1938 988 2023 fol.
1014 1879 1125 2002 l-34.
1148 1935 1249 2022 legem
1271 1933 1412 2000 Salicem

296 2022 509 2102 emendatam,
527 2021 595 2106 fol.
624 2021 760 2086 34-40.
790 2022 931 2107 capitula
960 2044 1042 2109 quae
1070 2020 1111 2086 ad
1139 2018 1211 2104 lege
1235 2018 1342 2084 Salina
1370 2015 1412 2079 di·

297 2104 398 2170 cenda
412 2115 487 2170 sunt
509 2115 538 2169 et
559 2107 629 2170 alia
649 2128 687 2170 ca
714 2106 866 2188 italaria,
879 2107 945 2191 fol.
960 2109 1011 2176 40.
1035 2106 1247 2170 traditionem
1262 2101 1411 2167 lanberti

297 2190 459 2255 deservis
481 2190 630 2272 donatis;
650 2127 716 2273 fob>
738 2190 789 2254 41.
814 2190 907 2274 deest,
928 2188 995 2275 fol.
1018 2188 1154 2254 42463.
1178 2188 1231 2252 lea
1253 2184 1412 2253 Ribauria

296 2275 451 2355 traditur,
469 2273 536 2357 fol.
558 2273 609 2338 48.
632 2274 682 2338 57.
716 2275 840 2338 amissa
868 2283 953 2338 sant.
1000 2273 1079 2340 Cum
1101 2273 1168 2336 tria
1186 2271 1281 2356 folia
1303 2270 1412 2346 desim,

318 2358 458 2422 uaedam
486 2360 523 2422 in
553 2358 674 2436 indiae,
704 2358 867 2442 quaedam
895 2361 933 2423 in
959 2367 1049 2423 teatu
1071 2356 1153 2442 legis
1175 2356 1410 2420 desiderantur.

296 2381 421 2526 Incipit
440 2443 543 2506 indea
566 2465 588 2506 a
608 2442 745 2506 rubrica
758 2442 797 2505 41
823 2448 882 2523 (=
896 2451 970 2508 tent.
987 2443 1035 2524 B)
1058 2440 1100 2505 de
1116 2460 1154 2505 eo
1170 2441 1228 2525 qui
1242 2441 1411 2523 ingenuam

296 2523 463 2590 mulierem
494 2547 623 2589 manum
652 2523 707 2590 vel
735 2523 904 2589 brachium
933 2526 1113 2604 strinxerit,
1148 2547 1247 2609 quam
1274 2521 1412 2606 reliquae

296 2609 447 2673 rubricae
461 2619 567 2672 tentus
581 2609 613 2672 B
628 2617 819 2695 sequuntur,
842 2633 913 2674 una
927 2619 1055 2674 tantum
1069 2609 1206 2673 rubrica
1221 2606 1277 2693 (de
1292 2603 1414 2670 homino

297 2693 330 2754 in
358 2691 455 2756 domo
485 2713 544 2776 pro
570 2693 617 2755 ria
645 2693 767 2770 occiso,
795 2695 841 2758 tit.
864 2694 915 2758 65.
937 2703 1011 2758 6666.
1035 2695 1083 2775 B)
1113 2694 1251 2772 omissa,
1280 2700 1317 2754 ut
1336 2687 1415 2770 finis

296 2776 420 2840 indicis
449 2779 507 2841 sit:
577 2773 613 2839 O.
643 2775 689 2840 Ut
715 2774 832 2840 iudicis
861 2776 928 2841 sive
957 2778 1067 2841 missis
1093 2773 1212 2839 fiscalis
1239 2773 1331 2839 freda
1355 2789 1416 2834 non

297 2859 351 2923 exi
374 2868 430 2923 ant
443 2859 632 2946 priusquam
647 2859 770 2924 facinus
785 2868 995 2945 conponatur.
1038 2863 1080 2926 In
1102 2869 1189 2924 tenta
1208 2860 1293 2947 66966
1306 2853 1415 2922 6666666

298 2943 338 3008 de
351 2881 487 3008 bomine
509 2944 542 3006 iu
565 2942 661 3007 domo
683 2944 817 3029 propria
839 2944 946 3008 occiso
975 2948 1041 3027 (tit.
1063 2944 1114 3009 65.
1144 2953 1217 3007 teat.
1241 2945 1292 3024 B)
1320 2939 1414 3016 adest,

299 3027 354 3092 sed
376 3051 449 3091 cum
467 3027 681 3110 praecedente
702 3027 795 3093 titulo
833 3027 873 3092 de
896 3027 1025 3094 homine
1046 3029 1081 3092 in
1102 3027 1192 3091 hoste
1214 3027 1338 3112 occiso)
1361 3020 1414 3086 sub

299 3134 371 3175 una
384 3111 519 3176 rubrica
534 3113 758 3196 coniunqitur.
835 3135 876 3176 ao
890 3113 943 3195 fit,
966 3122 1003 3178 ut
1021 3122 1128 3178 tentus
1143 3134 1269 3198 quoque
1284 3109 1363 3194 le9is
1377 3103 1415 3168 90

299 3194 411 3260 titulos
441 3195 565 3260 babeat.
611 3195 738 3260 Titulus
760 3197 810 3262 62.
839 3198 876 3260 66
904 3197 1015 3263 indice
1042 3197 1236 3262 inscribitur
1265 3195 1305 3259 de
1327 3198 1415 3257 testa-

300 3288 443 3343 mentum
458 3301 570 3365 regum
586 3278 638 3344 vel
657 3278 697 3343 de
718 3279 945 3346 traditionibus
967 3304 1024 3347 seu
1046 3280 1087 3346 dc
1108 3281 1245 3345 testibus
1268 3274 1415 3342 adhiben-

300 3362 359 3427 dis.
403 3364 444 3426 In
465 3373 553 3427 teatu
575 3364 657 3450 leqis
706 3387 764 3428 ars
785 3364 953 3430 titulorum
975 3366 1027 3434 34.
1049 3365 1091 3430 35
1114 3371 1205 3447 (tent.
1227 3364 1277 3445 B)
1301 3360 1412 3426 666666-

299 3446 406 3593 logum
427 3448 478 3512 61.
493 3448 535 3512 62
557 3453 648 3530 (teat.
696 3453 713 3527 )
737 3448 954 3514 desideratur.
1001 3448 1093 3522 Quae
1114 3450 1152 3513 in
1164 3448 1266 3533 foliis
1290 3440 1415 3510 amissis

301 3553 322 3592 a
347 3539 452 3593 erant.

383 3613 442 3695 20)
468 3613 603 3679 Codeec
626 3613 806 3700 capitali
828 3615 1128 3700 Eporediensis
1149 3616 1213 3695 33,
1236 3611 1359 3680 saeculi
1379 3607 1413 3684 X,

299 3719 392 3780 quem
414 3697 520 3761 deseri
545 3707 658 3762 serunt
685 3708 753 3762 tum
775 3698 935 3764 Amedeas
957 3701 1001 3765 Pe
1024 3724 1087 3766 ron
1114 3703 1151 3764 in
1182 3700 1325 3765 ‘Notizia
1347 3689 1414 3758 dell'

301 3782 448 3846 arabiuio
468 3719 799 3847 deipreoerendissimo
823 3782 964 3868 capitolo
1010 3785 1138 3848 ’lorea'
1153 3786 1294 3867 (Torinc
1311 3774 1414 3855 1843),

295 3875 412 3949 postea
438 3867 475 3930 in
505 3864 611 3930 libello
633 3868 812 3953 inscripto:
842 3868 966 3952 Legum
988 3868 1205 3933 barbarorum
1224 3867 1290 3950 fra
1314 3867 1415 3928 menta

297 3951 426 4015 inedita
441 3959 469 4014 et
483 3950 651 4016 variantes
665 3950 814 4016 lectiones
834 3973 874 4014 eu
888 3952 997 4020 codice
1012 3953 1232 4037 Eporediensi
1246 3888 1414 4041 (26666660
1519 3959 1521 3996 i

299 4034 351 4098 del
372 4044 445 4098 tom.
465 4034 553 4115 VIII,
576 4037 659 4100 serie
681 4035 727 4098 ΙΙ.
750 4034 830 4098 delle
852 4038 1000 4101 memorie
1029 4036 1116 4101 della
1138 4034 1226 4099 reale
1248 4031 1415 4098 academia

301 4116 381 4183 delle
408 4119 549 4198 scienee',
574 4121 695 4184 Torino
721 4117 830 4199 1846),
857 4129 924 4184 tum
946 4121 973 4184 1.
996 4119 1119 4184 Merkel
1145 4123 1182 4183 in
1206 4117 1339 4182 ‘Arabio
1362 4110 1416 4173 der
1520 4115 1521 4192 ζ

301 4199 511 4285 Gesdlsebaft
522 4200 588 4285 fiir
610 4203 709 4267 dltere
730 4204 878 4267 deutscbe
902 4203 1207 4269 Gescbicbtsbunde’
1226 4201 1284 4280 XI,
1303 4221 1338 4284 p-
1356 4188 1414 4258 547

299 4284 415 4365 -63,
434 4287 763 4370 postremarum
786 4287 878 4351 ‘nou
895 4287 954 4351 66
968 4286 1055 4352 But.
1071 4288 1189 4351 Asaa’
1207 4284 1297 4364 1857,
1315 4303 1351 4366 p.
1366 4274 1413 4373 86
1445 4273 1450 4282 ’
1515 4255 1521 4341 ⁴:

300 4366 341 4431 85
362 4389 441 4453 sqq,
471 4369 620 4434 mutilam
647 4370 747 4456 teqem
769 4369 996 4454 Ripusriorum
1023 4371 1158 4436 eabibet.
1205 4368 1311 4435 Oodea
1331 4365 1413 4427 ina·
1519 4461 1521 4486 4
