<?xml version="1.0" encoding="UTF-8"?>
<!DOCTYPE html PUBLIC "-//W3C//DTD XHTML 1.0 Transitional//EN"
    "http://www.w3.org/TR/xhtml1/DTD/xhtml1-transitional.dtd">
<html xmlns="http://www.w3.org/1999/xhtml" xml:lang="en" lang="en">
 <head>
  <title>
</title>
<meta http-equiv="Content-Type" content="text/html;charset=utf-8" />
  <meta name='ocr-system' content='tesseract 3.04.00' />
  <meta name='ocr-capabilities' content='ocr_page ocr_carea ocr_par ocr_line ocrx_word'/>
</head>
<body>
  <div class='ocr_page' id='page_1' title='image "./lexribuariaetle00sohmgoog/lexribuariaetle00sohmgoog_0070.png"; bbox 0 0 3090 5258; ppageno 0'>
   <div class='ocr_carea' id='block_1_1' title="bbox 672 430 957 518">
    <p class='ocr_par' dir='ltr' id='par_1_1' title="bbox 672 430 957 518">
     <span class='ocr_line' id='line_1_1' title="bbox 672 430 957 518; baseline -0.014 0"><span class='ocrx_word' id='word_1_1' title='bbox 672 430 753 518; x_wconf 77' lang='lat' dir='ltr'>unx</span> <span class='ocrx_word' id='word_1_2' title='bbox 769 454 957 516; x_wconf 74' lang='lat' dir='ltr'>arnustus.</span> 
     </span>
    </p>
   </div>
   <div class='ocr_carea' id='block_1_2' title="bbox 716 635 920 708">
    <p class='ocr_par' dir='ltr' id='par_1_2' title="bbox 716 635 920 708">
     <span class='ocr_line' id='line_1_2' title="bbox 716 635 920 708; baseline 0 0"><span class='ocrx_word' id='word_1_3' title='bbox 716 654 740 708; x_wconf 85' lang='lat' dir='ltr'>n</span> <span class='ocrx_word' id='word_1_4' title='bbox 758 653 861 708; x_wconf 88' lang='lat' dir='ltr'>coen.</span> <span class='ocrx_word' id='word_1_5' title='bbox 880 635 920 708; x_wconf 80' lang='grc' dir='ltr'>Α.</span> 
     </span>
    </p>
   </div>
   <div class='ocr_carea' id='block_1_3' title="bbox 137 768 1537 2700">
    <p class='ocr_par' dir='ltr' id='par_1_3' title="bbox 137 768 1537 2700">
     <span class='ocr_line' id='line_1_3' title="bbox 339 768 1396 862; baseline -0.014 -6"><span class='ocrx_word' id='word_1_6' title='bbox 339 784 373 856; x_wconf 78' lang='lat'>2.</span> <span class='ocrx_word' id='word_1_7' title='bbox 407 779 474 854; x_wconf 83' lang='lat' dir='ltr'>Sin</span> <span class='ocrx_word' id='word_1_8' title='bbox 500 788 627 852; x_wconf 89' lang='lat' dir='ltr'>autem</span> <span class='ocrx_word' id='word_1_9' title='bbox 659 776 822 851; x_wconf 87' lang='lat' dir='ltr'>manitus</span> <span class='ocrx_word' id='word_1_10' title='bbox 857 773 971 848; x_wconf 83' lang='lat' dir='ltr'>tuerit</span> <span class='ocrx_word' id='word_1_11' title='bbox 999 774 1045 847; x_wconf 85' lang='lat' dir='ltr'>ad</span> <span class='ocrx_word' id='word_1_12' title='bbox 1072 771 1240 846; x_wconf 87' lang='lat' dir='ltr'>secundo</span> <span class='ocrx_word' id='word_1_13' title='bbox 1265 768 1396 862; x_wconf 69' lang='lat' dir='ltr'>mallo,</span> 
     </span>
     <span class='ocr_line' id='line_1_4' title="bbox 238 872 1395 977; baseline -0.014 -20"><span class='ocrx_word' id='word_1_14' title='bbox 238 893 304 958; x_wconf 88' lang='lat' dir='ltr'>aut</span> <span class='ocrx_word' id='word_1_15' title='bbox 321 907 344 956; x_wconf 88' lang='lat' dir='ltr'>a</span> <span class='ocrx_word' id='word_1_16' title='bbox 373 880 499 975; x_wconf 77' lang='lat' dir='ltr'>tertio,</span> <span class='ocrx_word' id='word_1_17' title='bbox 518 904 587 954; x_wconf 88' lang='lat' dir='ltr'>seu</span> <span class='ocrx_word' id='word_1_18' title='bbox 603 880 648 952; x_wconf 89' lang='lat' dir='ltr'>ad</span> <span class='ocrx_word' id='word_1_19' title='bbox 664 889 812 977; x_wconf 69' lang='lat' dir='ltr'>quarte,</span> <span class='ocrx_word' id='word_1_20' title='bbox 830 877 892 950; x_wconf 80' lang='lat' dir='ltr'>rel</span> <span class='ocrx_word' id='word_1_21' title='bbox 907 875 1052 974; x_wconf 82' lang='lat' dir='ltr'>quinte,</span> <span class='ocrx_word' id='word_1_22' title='bbox 1068 897 1211 972; x_wconf 79' lang='lat' dir='ltr'>usquae</span> <span class='ocrx_word' id='word_1_23' title='bbox 1226 872 1271 944; x_wconf 87' lang='lat' dir='ltr'>ad</span> <span class='ocrx_word' id='word_1_24' title='bbox 1287 881 1395 945; x_wconf 84' lang='lat' dir='ltr'>sexto</span> 
     </span>
     <span class='ocr_line' id='line_1_5' title="bbox 236 969 1396 1078; baseline -0.013 -21"><span class='ocrx_word' id='word_1_25' title='bbox 236 983 367 1058; x_wconf 87' lang='lat' dir='ltr'>venire</span> <span class='ocrx_word' id='word_1_26' title='bbox 387 981 611 1076; x_wconf 74' lang='lat' dir='ltr'>distullerit,</span> <span class='ocrx_word' id='word_1_27' title='bbox 636 1005 704 1078; x_wconf 88' lang='lat' dir='ltr'>pro</span> <span class='ocrx_word' id='word_1_28' title='bbox 725 1003 992 1078; x_wconf 79' lang='lat' dir='ltr'><strong>unoquemque</strong></span> <span class='ocrx_word' id='word_1_29' title='bbox 1019 976 1157 1071; x_wconf 75' lang='lat' dir='ltr'>mallo,</span> <span class='ocrx_word' id='word_1_30' title='bbox 1180 973 1213 1049; x_wconf 87' lang='lat' dir='ltr'>si</span> <span class='ocrx_word' id='word_1_31' title='bbox 1233 971 1302 1068; x_wconf 76' lang='lat' dir='ltr'>itti,</span> <span class='ocrx_word' id='word_1_32' title='bbox 1331 969 1396 1069; x_wconf 78' lang='lat' dir='ltr'>qui</span> 
     </span>
     <span class='ocr_line' id='line_1_6' title="bbox 137 1074 1396 1180; baseline -0.017 -15"><span class='ocrx_word' id='word_1_33' title='bbox 137 1111 327 1179; x_wconf 55' lang='lat' dir='ltr'>,meeum</span> <span class='ocrx_word' id='word_1_34' title='bbox 375 1082 516 1177; x_wconf 72' lang='lat' dir='ltr'>mouit,</span> <span class='ocrx_word' id='word_1_35' title='bbox 565 1107 649 1156; x_wconf 89' lang='lat' dir='ltr'>oum</span> <span class='ocrx_word' id='word_1_36' title='bbox 691 1080 812 1155; x_wconf 87' lang='lat' dir='ltr'>tribus</span> <span class='ocrx_word' id='word_1_37' title='bbox 858 1077 1115 1180; x_wconf 77' lang='lat' dir='ltr'>raginburgiis</span> <span class='ocrx_word' id='word_1_38' title='bbox 1165 1076 1202 1148; x_wconf 88' lang='lat' dir='ltr'>in</span> <span class='ocrx_word' id='word_1_39' title='bbox 1251 1074 1396 1148; x_wconf 88' lang='lat' dir='ltr'>haraho</span> 
     </span>
     <span class='ocr_line' id='line_1_7' title="bbox 239 1173 1399 1282; baseline -0.014 -21"><span class='ocrx_word' id='word_1_40' title='bbox 239 1185 503 1280; x_wconf 75' lang='lat' dir='ltr'>coniuravere,</span> <span class='ocrx_word' id='word_1_41' title='bbox 522 1186 624 1282; x_wconf 81' lang='lat' dir='ltr'>quod</span> <span class='ocrx_word' id='word_1_42' title='bbox 644 1181 808 1282; x_wconf 84' lang='lat' dir='ltr'>legitimi</span> <span class='ocrx_word' id='word_1_43' title='bbox 829 1181 1017 1256; x_wconf 77' lang='lat' dir='ltr'>manitum</span> <span class='ocrx_word' id='word_1_44' title='bbox 1035 1177 1227 1272; x_wconf 18' lang='lat' dir='ltr'>subruerit,</span> <span class='ocrx_word' id='word_1_45' title='bbox 1249 1179 1295 1252; x_wconf 79' lang='lat'>15</span> <span class='ocrx_word' id='word_1_46' title='bbox 1309 1173 1399 1250; x_wconf 87' lang='lat' dir='ltr'>soli·</span> 
     </span>
     <span class='ocr_line' id='line_1_8' title="bbox 237 1284 743 1386; baseline -0.02 -21"><span class='ocrx_word' id='word_1_47' title='bbox 237 1291 305 1365; x_wconf 89' lang='lat' dir='ltr'>dos</span> <span class='ocrx_word' id='word_1_48' title='bbox 326 1285 527 1386; x_wconf 89' lang='lat' dir='ltr'>culpabilis</span> <span class='ocrx_word' id='word_1_49' title='bbox 545 1284 743 1360; x_wconf 87' lang='lat' dir='ltr'>iudicetur.</span> 
     </span>
     <span class='ocr_line' id='line_1_9' title="bbox 340 1380 1397 1484; baseline -0.012 -21"><span class='ocrx_word' id='word_1_50' title='bbox 340 1392 375 1463; x_wconf 82' lang='lat'>3.</span> <span class='ocrx_word' id='word_1_51' title='bbox 411 1387 537 1484; x_wconf 80' lang='lat' dir='ltr'>[Quod</span> <span class='ocrx_word' id='word_1_52' title='bbox 571 1386 605 1459; x_wconf 92' lang='lat' dir='ltr'>si</span> <span class='ocrx_word' id='word_1_53' title='bbox 641 1389 686 1460; x_wconf 91' lang='lat' dir='ltr'>ad</span> <span class='ocrx_word' id='word_1_54' title='bbox 721 1385 884 1483; x_wconf 90' lang='lat' dir='ltr'>septime</span> <span class='ocrx_word' id='word_1_55' title='bbox 922 1383 1038 1458; x_wconf 83' lang='lat' dir='ltr'>mallo</span> <span class='ocrx_word' id='word_1_56' title='bbox 1076 1408 1151 1457; x_wconf 91' lang='lat' dir='ltr'>non</span> <span class='ocrx_word' id='word_1_57' title='bbox 1189 1380 1397 1479; x_wconf 81' lang='lat' dir='ltr'>venerit,*]</span> 
     </span>
     <span class='ocr_line' id='line_1_10' title="bbox 238 1485 1398 1588; baseline -0.007 -24"><span class='ocrx_word' id='word_1_58' title='bbox 238 1503 328 1565; x_wconf 87' lang='lat' dir='ltr'>tunc</span> <span class='ocrx_word' id='word_1_59' title='bbox 360 1489 435 1585; x_wconf 79' lang='lat' dir='ltr'>itti,</span> <span class='ocrx_word' id='word_1_60' title='bbox 468 1487 646 1588; x_wconf 85' lang='lat' dir='ltr'>quicum</span> <span class='ocrx_word' id='word_1_61' title='bbox 670 1487 811 1582; x_wconf 74' lang='lat' dir='ltr'>manit,</span> <span class='ocrx_word' id='word_1_62' title='bbox 840 1497 927 1560; x_wconf 90' lang='lat' dir='ltr'>ante</span> <span class='ocrx_word' id='word_1_63' title='bbox 962 1485 1100 1559; x_wconf 84' lang='lat' dir='ltr'>comite</span> <span class='ocrx_word' id='word_1_64' title='bbox 1128 1509 1213 1558; x_wconf 89' lang='lat' dir='ltr'>oum</span> <span class='ocrx_word' id='word_1_65' title='bbox 1247 1495 1398 1580; x_wconf 83' lang='lat' dir='ltr'>septem</span> 
     </span>
     <span class='ocr_line' id='line_1_11' title="bbox 238 1587 1397 1692; baseline -0.009 -25"><span class='ocrx_word' id='word_1_66' title='bbox 238 1589 496 1692; x_wconf 74' lang='lat' dir='ltr'>raginburgiis</span> <span class='ocrx_word' id='word_1_67' title='bbox 534 1589 571 1662; x_wconf 95' lang='lat' dir='ltr'>in</span> <span class='ocrx_word' id='word_1_68' title='bbox 602 1588 749 1662; x_wconf 84' lang='lat' dir='ltr'>haraho</span> <span class='ocrx_word' id='word_1_69' title='bbox 789 1587 915 1662; x_wconf 82' lang='lat' dir='ltr'>iurare</span> <span class='ocrx_word' id='word_1_70' title='bbox 942 1587 1061 1682; x_wconf 77' lang='lat' dir='ltr'>debir,</span> <span class='ocrx_word' id='word_1_71' title='bbox 1103 1587 1203 1685; x_wconf 90' lang='lat' dir='ltr'>quod</span> <span class='ocrx_word' id='word_1_72' title='bbox 1238 1587 1397 1659; x_wconf 90' lang='lat' dir='ltr'>eumad</span> 
     </span>
     <span class='ocr_line' id='line_1_12' title="bbox 239 1686 1400 1791; baseline -0.008 -22"><span class='ocrx_word' id='word_1_73' title='bbox 239 1695 371 1770; x_wconf 85' lang='lat' dir='ltr'>strude</span> <span class='ocrx_word' id='word_1_74' title='bbox 409 1691 584 1791; x_wconf 67' lang='lat' dir='ltr'>legitima</span> <span class='ocrx_word' id='word_1_75' title='bbox 626 1689 873 1764; x_wconf 83' lang='lat' dir='ltr'>admallatum</span> <span class='ocrx_word' id='word_1_76' title='bbox 926 1689 1057 1785; x_wconf 76' lang='lat' dir='ltr'>habet5</span> <span class='ocrx_word' id='word_1_77' title='bbox 1109 1701 1147 1764; x_wconf 87' lang='lat' dir='ltr'>et</span> <span class='ocrx_word' id='word_1_78' title='bbox 1187 1687 1244 1762; x_wconf 89' lang='lat' dir='ltr'>sic</span> <span class='ocrx_word' id='word_1_79' title='bbox 1286 1686 1400 1760; x_wconf 81' lang='lat' dir='ltr'>iudex</span> 
     </span>
     <span class='ocr_line' id='line_1_13' title="bbox 238 1788 1400 1889; baseline -0.006 -21"><span class='ocrx_word' id='word_1_80' title='bbox 238 1794 383 1870; x_wconf 84' lang='lat' dir='ltr'>fiscalis</span> <span class='ocrx_word' id='word_1_81' title='bbox 407 1795 453 1868; x_wconf 83' lang='lat' dir='ltr'>ad</span> <span class='ocrx_word' id='word_1_82' title='bbox 473 1795 628 1868; x_wconf 89' lang='lat' dir='ltr'>domum</span> <span class='ocrx_word' id='word_1_83' title='bbox 653 1791 757 1865; x_wconf 87' lang='lat' dir='ltr'>illius</span> <span class='ocrx_word' id='word_1_84' title='bbox 780 1793 962 1866; x_wconf 84' lang='lat' dir='ltr'>accedere</span> <span class='ocrx_word' id='word_1_85' title='bbox 981 1793 1114 1888; x_wconf 76' lang='lat' dir='ltr'>debet,</span> <span class='ocrx_word' id='word_1_86' title='bbox 1151 1802 1189 1866; x_wconf 87' lang='lat' dir='ltr'>et</span> <span class='ocrx_word' id='word_1_87' title='bbox 1223 1788 1400 1889; x_wconf 75' lang='lat' dir='ltr'>legitima</span> 
     </span>
     <span class='ocr_line' id='line_1_14' title="bbox 240 1890 1400 1994; baseline -0.005 -22"><span class='ocrx_word' id='word_1_88' title='bbox 240 1897 370 1972; x_wconf 86' lang='lat' dir='ltr'>strude</span> <span class='ocrx_word' id='word_1_89' title='bbox 398 1894 534 1968; x_wconf 87' lang='lat' dir='ltr'>exinde</span> <span class='ocrx_word' id='word_1_90' title='bbox 560 1894 709 1966; x_wconf 83' lang='lat' dir='ltr'>auterre</span> <span class='ocrx_word' id='word_1_91' title='bbox 738 1903 776 1966; x_wconf 89' lang='lat' dir='ltr'>et</span> <span class='ocrx_word' id='word_1_92' title='bbox 801 1893 837 1966; x_wconf 81' lang='lat' dir='ltr'>oi</span> <span class='ocrx_word' id='word_1_93' title='bbox 862 1893 1049 1990; x_wconf 75' lang='lat' dir='ltr'>tribuere,</span> <span class='ocrx_word' id='word_1_94' title='bbox 1082 1893 1260 1994; x_wconf 74' lang='lat' dir='ltr'>quicum</span> <span class='ocrx_word' id='word_1_95' title='bbox 1287 1890 1400 1966; x_wconf 83' lang='lat' dir='ltr'>inter·</span> 
     </span>
     <span class='ocr_line' id='line_1_15' title="bbox 240 1985 1536 2096; baseline -0.005 -24"><span class='ocrx_word' id='word_1_96' title='bbox 240 1997 417 2096; x_wconf 82' lang='lat' dir='ltr'>pellavit,</span> <span class='ocrx_word' id='word_1_97' title='bbox 454 1996 527 2069; x_wconf 90' lang='lat' dir='ltr'>hoe</span> <span class='ocrx_word' id='word_1_98' title='bbox 557 2005 616 2068; x_wconf 89' lang='lat' dir='ltr'>est</span> <span class='ocrx_word' id='word_1_99' title='bbox 648 1995 693 2066; x_wconf 95' lang='lat' dir='ltr'>ad</span> <span class='ocrx_word' id='word_1_100' title='bbox 730 2004 878 2092; x_wconf 83' lang='lat' dir='ltr'><strong>septem</strong></span> <span class='ocrx_word' id='word_1_101' title='bbox 903 1995 1160 2096; x_wconf 81' lang='lat' dir='ltr'>raginburgiis</span> <span class='ocrx_word' id='word_1_102' title='bbox 1193 1993 1401 2092; x_wconf 84' lang='lat' dir='ltr'>unicuique</span> <span class='ocrx_word' id='word_1_103' title='bbox 1533 1985 1536 2056; x_wconf 71' lang='lat' dir='ltr'>l</span> 
     </span>
     <span class='ocr_line' id='line_1_16' title="bbox 245 2095 1537 2195; baseline 0.002 -23"><span class='ocrx_word' id='word_1_104' title='bbox 245 2100 290 2174; x_wconf 79' lang='lat'>15</span> <span class='ocrx_word' id='word_1_105' title='bbox 309 2096 467 2192; x_wconf 70' lang='lat' dir='ltr'>solidoS,</span> <span class='ocrx_word' id='word_1_106' title='bbox 486 2107 524 2171; x_wconf 89' lang='lat' dir='ltr'>et</span> <span class='ocrx_word' id='word_1_107' title='bbox 543 2095 599 2190; x_wconf 73' lang='lat' dir='ltr'>ei,</span> <span class='ocrx_word' id='word_1_108' title='bbox 620 2095 683 2194; x_wconf 91' lang='lat' dir='ltr'>qui</span> <span class='ocrx_word' id='word_1_109' title='bbox 703 2120 858 2170; x_wconf 88' lang='lat' dir='ltr'>causam</span> <span class='ocrx_word' id='word_1_110' title='bbox 876 2097 1060 2195; x_wconf 74' lang='lat' dir='ltr'>sequitur,</span> <span class='ocrx_word' id='word_1_111' title='bbox 1079 2102 1139 2174; x_wconf 83' lang='lat'>45.</span> <span class='ocrx_word' id='word_1_112' title='bbox 1527 2102 1537 2188; x_wconf 60' lang='lat' dir='ltr'><strong><em>J</em></strong></span> 
     </span>
     <span class='ocr_line' id='line_1_17' title="bbox 343 2195 1400 2295; baseline -0.002 -23"><span class='ocrx_word' id='word_1_113' title='bbox 343 2201 378 2272; x_wconf 80' lang='lat'>4.</span> <span class='ocrx_word' id='word_1_114' title='bbox 407 2198 515 2285; x_wconf 86' lang='lat' dir='ltr'>Quod</span> <span class='ocrx_word' id='word_1_115' title='bbox 539 2196 571 2272; x_wconf 89' lang='lat' dir='ltr'>si</span> <span class='ocrx_word' id='word_1_116' title='bbox 595 2196 718 2295; x_wconf 88' lang='lat' dir='ltr'>ipsam</span> <span class='ocrx_word' id='word_1_117' title='bbox 743 2198 910 2272; x_wconf 89' lang='lat' dir='ltr'>strudem</span> <span class='ocrx_word' id='word_1_118' title='bbox 938 2198 1197 2273; x_wconf 78' lang='lat' dir='ltr'>contradicere</span> <span class='ocrx_word' id='word_1_119' title='bbox 1222 2195 1400 2290; x_wconf 77' lang='lat' dir='ltr'>voluerit,</span> 
     </span>
     <span class='ocr_line' id='line_1_18' title="bbox 243 2297 1400 2397; baseline -0.005 -22"><span class='ocrx_word' id='word_1_120' title='bbox 243 2311 281 2375; x_wconf 90' lang='lat' dir='ltr'>et</span> <span class='ocrx_word' id='word_1_121' title='bbox 301 2302 347 2374; x_wconf 89' lang='lat' dir='ltr'>ad</span> <span class='ocrx_word' id='word_1_122' title='bbox 370 2300 523 2374; x_wconf 89' lang='lat' dir='ltr'>ianuam</span> <span class='ocrx_word' id='word_1_123' title='bbox 543 2323 653 2373; x_wconf 88' lang='lat' dir='ltr'>suam</span> <span class='ocrx_word' id='word_1_124' title='bbox 668 2323 752 2371; x_wconf 92' lang='lat' dir='ltr'>eum</span> <span class='ocrx_word' id='word_1_125' title='bbox 768 2312 877 2397; x_wconf 92' lang='lat' dir='ltr'>spata</span> <span class='ocrx_word' id='word_1_126' title='bbox 891 2311 1010 2377; x_wconf 89' lang='lat' dir='ltr'>tracta</span> <span class='ocrx_word' id='word_1_127' title='bbox 1024 2297 1243 2395; x_wconf 72' lang='lat' dir='ltr'>accesserit,</span> <span class='ocrx_word' id='word_1_128' title='bbox 1262 2309 1301 2373; x_wconf 89' lang='lat' dir='ltr'>et</span> <span class='ocrx_word' id='word_1_129' title='bbox 1316 2322 1400 2373; x_wconf 88' lang='lat' dir='ltr'>eam</span> 
     </span>
     <span class='ocr_line' id='line_1_19' title="bbox 243 2398 1401 2502; baseline -0.003 -26"><span class='ocrx_word' id='word_1_130' title='bbox 243 2401 281 2476; x_wconf 93' lang='lat' dir='ltr'>in</span> <span class='ocrx_word' id='word_1_131' title='bbox 300 2413 450 2502; x_wconf 90' lang='lat' dir='ltr'>portam</span> <span class='ocrx_word' id='word_1_132' title='bbox 467 2401 546 2475; x_wconf 88' lang='lat' dir='ltr'>sive</span> <span class='ocrx_word' id='word_1_133' title='bbox 566 2400 602 2472; x_wconf 94' lang='lat' dir='ltr'>in</span> <span class='ocrx_word' id='word_1_134' title='bbox 621 2411 731 2498; x_wconf 91' lang='lat' dir='ltr'>poste</span> <span class='ocrx_word' id='word_1_135' title='bbox 750 2402 932 2500; x_wconf 68' lang='lat' dir='ltr'>posuerit</span> <span class='ocrx_word' id='word_1_136' title='bbox 954 2413 1045 2476; x_wconf 88' lang='lat' dir='ltr'>tunc</span> <span class='ocrx_word' id='word_1_137' title='bbox 1064 2401 1177 2476; x_wconf 87' lang='lat' dir='ltr'>iudex</span> <span class='ocrx_word' id='word_1_138' title='bbox 1201 2398 1401 2475; x_wconf 78' lang='lat' dir='ltr'>fideiusso-</span> 
     </span>
     <span class='ocr_line' id='line_1_20' title="bbox 242 2500 1399 2602; baseline -0.001 -24"><span class='ocrx_word' id='word_1_139' title='bbox 242 2528 305 2578; x_wconf 89' lang='lat' dir='ltr'>res</span> <span class='ocrx_word' id='word_1_140' title='bbox 323 2503 357 2577; x_wconf 87' lang='lat' dir='ltr'>ei</span> <span class='ocrx_word' id='word_1_141' title='bbox 373 2503 513 2602; x_wconf 75' lang='lat' dir='ltr'>enigat⁷</span> <span class='ocrx_word' id='word_1_142' title='bbox 539 2512 580 2576; x_wconf 90' lang='lat' dir='ltr'>ut</span> <span class='ocrx_word' id='word_1_143' title='bbox 604 2527 645 2576; x_wconf 90' lang='lat' dir='ltr'>se</span> <span class='ocrx_word' id='word_1_144' title='bbox 663 2513 750 2576; x_wconf 90' lang='lat' dir='ltr'>ante</span> <span class='ocrx_word' id='word_1_145' title='bbox 769 2528 901 2600; x_wconf 82' lang='lat' dir='ltr'>regem</span> <span class='ocrx_word' id='word_1_146' title='bbox 920 2503 1184 2602; x_wconf 76' lang='lat' dir='ltr'>repraesentit,</span> <span class='ocrx_word' id='word_1_147' title='bbox 1208 2514 1246 2580; x_wconf 87' lang='lat' dir='ltr'>ct</span> <span class='ocrx_word' id='word_1_148' title='bbox 1259 2500 1399 2577; x_wconf 86' lang='lat' dir='ltr'>ibidem</span> 
     </span>
     <span class='ocr_line' id='line_1_21' title="bbox 245 2603 1401 2700; baseline -0.001 -22"><span class='ocrx_word' id='word_1_149' title='bbox 245 2629 331 2679; x_wconf 93' lang='lat' dir='ltr'>cum</span> <span class='ocrx_word' id='word_1_150' title='bbox 358 2629 465 2678; x_wconf 88' lang='lat' dir='ltr'>arma</span> <span class='ocrx_word' id='word_1_151' title='bbox 489 2629 557 2678; x_wconf 92' lang='lat' dir='ltr'>sua</span> <span class='ocrx_word' id='word_1_152' title='bbox 576 2603 767 2700; x_wconf 79' lang='lat' dir='ltr'>[contra*]</span> <span class='ocrx_word' id='word_1_153' title='bbox 795 2603 1025 2678; x_wconf 89' lang='lat' dir='ltr'>eontrarium</span> <span class='ocrx_word' id='word_1_154' title='bbox 1055 2630 1164 2679; x_wconf 93' lang='lat' dir='ltr'>suum</span> <span class='ocrx_word' id='word_1_155' title='bbox 1189 2630 1231 2679; x_wconf 88' lang='lat' dir='ltr'>re</span> <span class='ocrx_word' id='word_1_156' title='bbox 1250 2605 1401 2678; x_wconf 85' lang='lat' dir='ltr'>studeat</span> 
     </span>
    </p>
   </div>
   <div class='ocr_carea' id='block_1_4' title="bbox 244 2707 1217 2878">
    <p class='ocr_par' dir='ltr' id='par_1_4' title="bbox 244 2707 1217 2878">
     <span class='ocr_line' id='line_1_22' title="bbox 244 2707 454 2780; baseline -0.014 -1"><span class='ocrx_word' id='word_1_157' title='bbox 244 2707 454 2780; x_wconf 87' lang='lat' dir='ltr'>defensare.</span> 
     </span>
     <span class='ocr_line' id='line_1_23' title="bbox 353 2803 1217 2878; baseline 0.001 -19"><span class='ocrx_word' id='word_1_158' title='bbox 353 2805 379 2878; x_wconf 75' lang='lat' dir='ltr'>*J</span> <span class='ocrx_word' id='word_1_159' title='bbox 401 2805 475 2868; x_wconf 82' lang='lat' dir='ltr'>(tuoe</span> <span class='ocrx_word' id='word_1_160' title='bbox 494 2808 599 2860; x_wconf 77' lang='lat' dir='ltr'>ancleto</span> <span class='ocrx_word' id='word_1_161' title='bbox 616 2807 720 2859; x_wconf 80' lang='lat' dir='ltr'>tecture</span> <span class='ocrx_word' id='word_1_162' title='bbox 739 2809 808 2876; x_wconf 81' lang='lat' dir='ltr'>runt,</span> <span class='ocrx_word' id='word_1_163' title='bbox 828 2809 857 2860; x_wconf 82' lang='lat' dir='ltr'>te</span> <span class='ocrx_word' id='word_1_164' title='bbox 875 2803 967 2861; x_wconf 85' lang='lat' dir='ltr'>codice</span> <span class='ocrx_word' id='word_1_165' title='bbox 988 2807 1001 2860; x_wconf 91' lang='lat'>1</span> <span class='ocrx_word' id='word_1_166' title='bbox 1023 2809 1217 2862; x_wconf 72' lang='lat' dir='ltr'>desiderantur.</span> 
     </span>
    </p>
   </div>
   <div class='ocr_carea' id='block_1_5' title="bbox 721 3026 929 3100">
    <p class='ocr_par' dir='ltr' id='par_1_5' title="bbox 721 3026 929 3100">
     <span class='ocr_line' id='line_1_24' title="bbox 721 3026 929 3100; baseline 0 0"><span class='ocrx_word' id='word_1_167' title='bbox 721 3042 867 3100; x_wconf 81' lang='lat' dir='ltr'>ecem.</span> <span class='ocrx_word' id='word_1_168' title='bbox 887 3026 929 3100; x_wconf 85' lang='lat' dir='ltr'>B.</span> 
     </span>
    </p>
   </div>
   <div class='ocr_carea' id='block_1_6' title="bbox 125 3162 1407 4581">
    <p class='ocr_par' dir='ltr' id='par_1_6' title="bbox 351 3162 1405 3236">
     <span class='ocr_line' id='line_1_25' title="bbox 351 3162 1405 3236; baseline -0.003 -7"><span class='ocrx_word' id='word_1_169' title='bbox 351 3166 380 3229; x_wconf 81' lang='lat'>2.</span> <span class='ocrx_word' id='word_1_170' title='bbox 412 3163 443 3225; x_wconf 92' lang='lat' dir='ltr'>Si</span> <span class='ocrx_word' id='word_1_171' title='bbox 472 3171 576 3225; x_wconf 91' lang='lat' dir='ltr'>autem</span> <span class='ocrx_word' id='word_1_172' title='bbox 601 3162 757 3225; x_wconf 90' lang='lat' dir='ltr'>mannitus</span> <span class='ocrx_word' id='word_1_173' title='bbox 785 3163 880 3226; x_wconf 84' lang='lat' dir='ltr'>luerit</span> <span class='ocrx_word' id='word_1_174' title='bbox 902 3164 942 3225; x_wconf 87' lang='lat' dir='ltr'>ad</span> <span class='ocrx_word' id='word_1_175' title='bbox 973 3165 1145 3226; x_wconf 90' lang='lat' dir='ltr'>secundum</span> <span class='ocrx_word' id='word_1_176' title='bbox 1176 3163 1321 3236; x_wconf 75' lang='lat' dir='ltr'>mallum,</span> <span class='ocrx_word' id='word_1_177' title='bbox 1351 3171 1405 3226; x_wconf 87' lang='lat' dir='ltr'>aut</span> 
     </span>
    </p>

    <p class='ocr_par' dir='ltr' id='par_1_7' title="bbox 125 3247 1403 3331">
     <span class='ocr_line' id='line_1_26' title="bbox 125 3247 1403 3331; baseline -0.002 -20"><span class='ocrx_word' id='word_1_178' title='bbox 125 3272 166 3331; x_wconf 55' lang='lat' dir='ltr'>q.</span> <span class='ocrx_word' id='word_1_179' title='bbox 181 3269 234 3321; x_wconf 69' lang='lat' dir='ltr'>na.</span> <span class='ocrx_word' id='word_1_180' title='bbox 246 3249 286 3311; x_wconf 91' lang='lat' dir='ltr'>ad</span> <span class='ocrx_word' id='word_1_181' title='bbox 310 3248 447 3320; x_wconf 83' lang='lat' dir='ltr'>tertium,</span> <span class='ocrx_word' id='word_1_182' title='bbox 470 3267 526 3310; x_wconf 84' lang='lat' dir='ltr'>seu</span> <span class='ocrx_word' id='word_1_183' title='bbox 549 3248 764 3330; x_wconf 69' lang='lat' dir='ltr'>adquisitum,</span> <span class='ocrx_word' id='word_1_184' title='bbox 787 3247 896 3309; x_wconf 78' lang='lat' dir='ltr'>velud</span> <span class='ocrx_word' id='word_1_185' title='bbox 917 3247 1068 3328; x_wconf 79' lang='lat' dir='ltr'>quintum,</span> <span class='ocrx_word' id='word_1_186' title='bbox 1090 3266 1190 3329; x_wconf 86' lang='lat' dir='ltr'>usque</span> <span class='ocrx_word' id='word_1_187' title='bbox 1207 3249 1246 3310; x_wconf 83' lang='lat' dir='ltr'>ad</span> <span class='ocrx_word' id='word_1_188' title='bbox 1264 3248 1403 3310; x_wconf 76' lang='lat' dir='ltr'>*sextum</span> 
     </span>
    </p>

    <p class='ocr_par' dir='ltr' id='par_1_8' title="bbox 246 3331 1404 3414">
     <span class='ocr_line' id='line_1_27' title="bbox 246 3331 1404 3414; baseline -0.003 -18"><span class='ocrx_word' id='word_1_189' title='bbox 246 3335 355 3396; x_wconf 86' lang='lat' dir='ltr'>venire</span> <span class='ocrx_word' id='word_1_190' title='bbox 368 3332 532 3404; x_wconf 75' lang='lat' dir='ltr'>distulerit,</span> <span class='ocrx_word' id='word_1_191' title='bbox 555 3351 616 3412; x_wconf 90' lang='lat' dir='ltr'>pro</span> <span class='ocrx_word' id='word_1_192' title='bbox 630 3351 824 3414; x_wconf 83' lang='lat' dir='ltr'>unoquoque</span> <span class='ocrx_word' id='word_1_193' title='bbox 842 3331 948 3404; x_wconf 81' lang='lat' dir='ltr'>malle,</span> <span class='ocrx_word' id='word_1_194' title='bbox 972 3333 1080 3404; x_wconf 81' lang='lat' dir='ltr'>sitite,</span> <span class='ocrx_word' id='word_1_195' title='bbox 1104 3332 1156 3412; x_wconf 80' lang='lat' dir='ltr'>qni</span> <span class='ocrx_word' id='word_1_196' title='bbox 1179 3350 1251 3394; x_wconf 84' lang='lat' dir='ltr'>eum</span> <span class='ocrx_word' id='word_1_197' title='bbox 1275 3333 1404 3401; x_wconf 80' lang='lat' dir='ltr'>mannii,</span> 
     </span>
    </p>

    <p class='ocr_par' dir='ltr' id='par_1_9' title="bbox 246 3415 1405 3583">
     <span class='ocr_line' id='line_1_28' title="bbox 246 3415 1405 3499; baseline -0.002 -19"><span class='ocrx_word' id='word_1_198' title='bbox 246 3438 317 3480; x_wconf 71' lang='lat' dir='ltr'>cura</span> <span class='ocrx_word' id='word_1_199' title='bbox 337 3419 439 3480; x_wconf 88' lang='lat' dir='ltr'>tribus</span> <span class='ocrx_word' id='word_1_200' title='bbox 462 3416 692 3499; x_wconf 74' lang='lat' dir='ltr'>rachinburgiis</span> <span class='ocrx_word' id='word_1_201' title='bbox 713 3417 744 3478; x_wconf 86' lang='lat' dir='ltr'>in</span> <span class='ocrx_word' id='word_1_202' title='bbox 768 3415 885 3479; x_wconf 79' lang='lat' dir='ltr'>arache</span> <span class='ocrx_word' id='word_1_203' title='bbox 909 3418 1132 3491; x_wconf 74' lang='lat' dir='ltr'>temeraverit,</span> <span class='ocrx_word' id='word_1_204' title='bbox 1162 3419 1246 3499; x_wconf 85' lang='lat' dir='ltr'>qaod</span> <span class='ocrx_word' id='word_1_205' title='bbox 1268 3416 1405 3498; x_wconf 73' lang='lat' dir='ltr'>legitime</span> 
     </span>
     <span class='ocr_line' id='line_1_29' title="bbox 246 3500 1093 3583; baseline 0 -20"><span class='ocrx_word' id='word_1_206' title='bbox 246 3505 401 3564; x_wconf 86' lang='lat' dir='ltr'>mannitus</span> <span class='ocrx_word' id='word_1_207' title='bbox 424 3502 528 3576; x_wconf 84' lang='lat' dir='ltr'>luerit,</span> <span class='ocrx_word' id='word_1_208' title='bbox 552 3504 590 3566; x_wconf 87' lang='lat'>15</span> <span class='ocrx_word' id='word_1_209' title='bbox 613 3501 723 3564; x_wconf 90' lang='lat' dir='ltr'>solidis</span> <span class='ocrx_word' id='word_1_210' title='bbox 746 3501 909 3583; x_wconf 70' lang='lat' dir='ltr'>culpantis</span> <span class='ocrx_word' id='word_1_211' title='bbox 930 3500 1093 3563; x_wconf 75' lang='lat' dir='ltr'>iudicetur.</span> 
     </span>
    </p>

    <p class='ocr_par' dir='ltr' id='par_1_10' title="bbox 244 3584 1407 4176">
     <span class='ocr_line' id='line_1_30' title="bbox 350 3584 1404 3665; baseline -0.006 -13"><span class='ocrx_word' id='word_1_212' title='bbox 350 3591 381 3652; x_wconf 80' lang='lat'>3.</span> <span class='ocrx_word' id='word_1_213' title='bbox 405 3585 497 3659; x_wconf 83' lang='lat' dir='ltr'>Quod</span> <span class='ocrx_word' id='word_1_214' title='bbox 526 3584 552 3648; x_wconf 90' lang='lat' dir='ltr'>si</span> <span class='ocrx_word' id='word_1_215' title='bbox 582 3585 622 3647; x_wconf 91' lang='lat' dir='ltr'>ad</span> <span class='ocrx_word' id='word_1_216' title='bbox 646 3585 811 3665; x_wconf 85' lang='lat' dir='ltr'>septimum</span> <span class='ocrx_word' id='word_1_217' title='bbox 842 3586 972 3647; x_wconf 75' lang='lat' dir='ltr'>mallum</span> <span class='ocrx_word' id='word_1_218' title='bbox 993 3605 1058 3648; x_wconf 86' lang='lat' dir='ltr'>nen</span> <span class='ocrx_word' id='word_1_219' title='bbox 1079 3585 1212 3660; x_wconf 85' lang='lat' dir='ltr'>venerit,</span> <span class='ocrx_word' id='word_1_220' title='bbox 1242 3593 1316 3648; x_wconf 79' lang='lat' dir='ltr'>tuuc</span> <span class='ocrx_word' id='word_1_221' title='bbox 1343 3585 1404 3658; x_wconf 86' lang='lat' dir='ltr'>ille,</span> 
     </span>
     <span class='ocr_line' id='line_1_31' title="bbox 246 3668 1403 3754; baseline -0.003 -22"><span class='ocrx_word' id='word_1_222' title='bbox 246 3672 299 3754; x_wconf 92' lang='lat' dir='ltr'>qui</span> <span class='ocrx_word' id='word_1_223' title='bbox 328 3691 399 3732; x_wconf 91' lang='lat' dir='ltr'>eum</span> <span class='ocrx_word' id='word_1_224' title='bbox 428 3668 562 3743; x_wconf 91' lang='lat' dir='ltr'>mannit‚</span> <span class='ocrx_word' id='word_1_225' title='bbox 590 3678 662 3731; x_wconf 80' lang='lat' dir='ltr'>ante</span> <span class='ocrx_word' id='word_1_226' title='bbox 690 3669 837 3732; x_wconf 84' lang='lat' dir='ltr'>comitem</span> <span class='ocrx_word' id='word_1_227' title='bbox 866 3690 936 3732; x_wconf 86' lang='lat' dir='ltr'>cum</span> <span class='ocrx_word' id='word_1_228' title='bbox 966 3679 1084 3751; x_wconf 73' lang='lat' dir='ltr'>septen</span> <span class='ocrx_word' id='word_1_229' title='bbox 1115 3669 1345 3754; x_wconf 64' lang='lat' dir='ltr'>racimburgiis</span> <span class='ocrx_word' id='word_1_230' title='bbox 1373 3669 1403 3730; x_wconf 93' lang='lat' dir='ltr'>in</span> 
     </span>
     <span class='ocr_line' id='line_1_32' title="bbox 247 3754 1407 3838; baseline -0.003 -19"><span class='ocrx_word' id='word_1_231' title='bbox 247 3755 348 3820; x_wconf 87' lang='lat' dir='ltr'>araho</span> <span class='ocrx_word' id='word_1_232' title='bbox 377 3755 482 3816; x_wconf 87' lang='lat' dir='ltr'>iurare</span> <span class='ocrx_word' id='word_1_233' title='bbox 505 3755 613 3831; x_wconf 87' lang='lat' dir='ltr'>debet,</span> <span class='ocrx_word' id='word_1_234' title='bbox 643 3754 728 3834; x_wconf 86' lang='lat' dir='ltr'>qued</span> <span class='ocrx_word' id='word_1_235' title='bbox 758 3773 832 3815; x_wconf 73' lang='lat' dir='ltr'>oum</span> <span class='ocrx_word' id='word_1_236' title='bbox 853 3757 892 3816; x_wconf 88' lang='lat' dir='ltr'>ad</span> <span class='ocrx_word' id='word_1_237' title='bbox 917 3757 1055 3819; x_wconf 82' lang='lat' dir='ltr'>etrudem</span> <span class='ocrx_word' id='word_1_238' title='bbox 1085 3755 1256 3838; x_wconf 72' lang='lat' dir='ltr'>legitimam</span> <span class='ocrx_word' id='word_1_239' title='bbox 1279 3755 1407 3818; x_wconf 78' lang='lat' dir='ltr'>admal-</span> 
     </span>
     <span class='ocr_line' id='line_1_33' title="bbox 246 3836 1406 3915; baseline 0 -13"><span class='ocrx_word' id='word_1_240' title='bbox 246 3843 342 3904; x_wconf 90' lang='lat' dir='ltr'>latum</span> <span class='ocrx_word' id='word_1_241' title='bbox 359 3839 471 3915; x_wconf 83' lang='lat' dir='ltr'>habet3</span> <span class='ocrx_word' id='word_1_242' title='bbox 488 3847 519 3901; x_wconf 90' lang='lat' dir='ltr'>et</span> <span class='ocrx_word' id='word_1_243' title='bbox 534 3837 579 3901; x_wconf 91' lang='lat' dir='ltr'>sie</span> <span class='ocrx_word' id='word_1_244' title='bbox 593 3839 688 3900; x_wconf 82' lang='lat' dir='ltr'>iudex</span> <span class='ocrx_word' id='word_1_245' title='bbox 702 3836 821 3901; x_wconf 88' lang='lat' dir='ltr'>fiscalis</span> <span class='ocrx_word' id='word_1_246' title='bbox 836 3840 876 3900; x_wconf 83' lang='lat' dir='ltr'>ad</span> <span class='ocrx_word' id='word_1_247' title='bbox 893 3841 1022 3902; x_wconf 83' lang='lat' dir='ltr'>domurn</span> <span class='ocrx_word' id='word_1_248' title='bbox 1036 3839 1116 3901; x_wconf 89' lang='lat' dir='ltr'>illius</span> <span class='ocrx_word' id='word_1_249' title='bbox 1133 3841 1287 3903; x_wconf 86' lang='lat' dir='ltr'>accedere</span> <span class='ocrx_word' id='word_1_250' title='bbox 1303 3839 1406 3912; x_wconf 84' lang='lat' dir='ltr'>debet,</span> 
     </span>
     <span class='ocr_line' id='line_1_34' title="bbox 246 3922 1404 4007; baseline -0.003 -19"><span class='ocrx_word' id='word_1_251' title='bbox 246 3937 278 3988; x_wconf 88' lang='lat' dir='ltr'>et</span> <span class='ocrx_word' id='word_1_252' title='bbox 299 3923 469 4007; x_wconf 79' lang='lat' dir='ltr'>legitimam</span> <span class='ocrx_word' id='word_1_253' title='bbox 498 3924 638 3987; x_wconf 83' lang='lat' dir='ltr'>strudem</span> <span class='ocrx_word' id='word_1_254' title='bbox 667 3922 781 3985; x_wconf 80' lang='lat' dir='ltr'>exinde</span> <span class='ocrx_word' id='word_1_255' title='bbox 809 3925 933 3986; x_wconf 84' lang='lat' dir='ltr'>auferre</span> <span class='ocrx_word' id='word_1_256' title='bbox 962 3930 994 3986; x_wconf 90' lang='lat' dir='ltr'>et</span> <span class='ocrx_word' id='word_1_257' title='bbox 1025 3925 1052 3985; x_wconf 90' lang='lat' dir='ltr'>ei</span> <span class='ocrx_word' id='word_1_258' title='bbox 1083 3925 1233 3999; x_wconf 85' lang='lat' dir='ltr'>tribuere,</span> <span class='ocrx_word' id='word_1_259' title='bbox 1260 3925 1312 4005; x_wconf 88' lang='lat' dir='ltr'>qui</span> <span class='ocrx_word' id='word_1_260' title='bbox 1335 3944 1404 3986; x_wconf 91' lang='lat' dir='ltr'>eum</span> 
     </span>
     <span class='ocr_line' id='line_1_35' title="bbox 244 4008 1407 4092; baseline -0.002 -18"><span class='ocrx_word' id='word_1_261' title='bbox 244 4008 465 4092; x_wconf 88' lang='lat' dir='ltr'>interpellavit,</span> <span class='ocrx_word' id='word_1_262' title='bbox 487 4009 550 4070; x_wconf 91' lang='lat' dir='ltr'>hec</span> <span class='ocrx_word' id='word_1_263' title='bbox 572 4015 619 4069; x_wconf 90' lang='lat' dir='ltr'>est</span> <span class='ocrx_word' id='word_1_264' title='bbox 641 4014 762 4088; x_wconf 88' lang='lat' dir='ltr'>septem</span> <span class='ocrx_word' id='word_1_265' title='bbox 785 4008 1012 4092; x_wconf 85' lang='lat' dir='ltr'>rachinburgiis</span> <span class='ocrx_word' id='word_1_266' title='bbox 1036 4009 1202 4090; x_wconf 84' lang='lat' dir='ltr'>uuicuique</span> <span class='ocrx_word' id='word_1_267' title='bbox 1225 4014 1262 4075; x_wconf 83' lang='lat'>15</span> <span class='ocrx_word' id='word_1_268' title='bbox 1279 4010 1407 4084; x_wconf 88' lang='lat' dir='ltr'>solides,</span> 
     </span>
     <span class='ocr_line' id='line_1_36' title="bbox 247 4093 817 4176; baseline -0.002 -19"><span class='ocrx_word' id='word_1_269' title='bbox 247 4105 277 4157; x_wconf 92' lang='lat' dir='ltr'>et</span> <span class='ocrx_word' id='word_1_270' title='bbox 301 4094 339 4168; x_wconf 89' lang='lat' dir='ltr'>ei,</span> <span class='ocrx_word' id='word_1_271' title='bbox 363 4094 415 4176; x_wconf 87' lang='lat' dir='ltr'>qui</span> <span class='ocrx_word' id='word_1_272' title='bbox 439 4112 566 4156; x_wconf 89' lang='lat' dir='ltr'>eausam</span> <span class='ocrx_word' id='word_1_273' title='bbox 591 4093 743 4175; x_wconf 88' lang='lat' dir='ltr'>sequitur,</span> <span class='ocrx_word' id='word_1_274' title='bbox 765 4095 817 4159; x_wconf 81' lang='lat'>45.</span> 
     </span>
    </p>

    <p class='ocr_par' dir='ltr' id='par_1_11' title="bbox 245 4177 1407 4581">
     <span class='ocr_line' id='line_1_37' title="bbox 352 4177 1407 4259; baseline -0.006 -15"><span class='ocrx_word' id='word_1_275' title='bbox 352 4182 381 4244; x_wconf 82' lang='lat'>4.</span> <span class='ocrx_word' id='word_1_276' title='bbox 412 4177 505 4253; x_wconf 92' lang='lat' dir='ltr'>Quod</span> <span class='ocrx_word' id='word_1_277' title='bbox 535 4178 561 4240; x_wconf 92' lang='lat' dir='ltr'>si</span> <span class='ocrx_word' id='word_1_278' title='bbox 590 4177 692 4259; x_wconf 86' lang='lat' dir='ltr'>ipsam</span> <span class='ocrx_word' id='word_1_279' title='bbox 722 4178 864 4240; x_wconf 88' lang='lat' dir='ltr'>strudem</span> <span class='ocrx_word' id='word_1_280' title='bbox 888 4177 1105 4240; x_wconf 83' lang='lat' dir='ltr'>contradicere</span> <span class='ocrx_word' id='word_1_281' title='bbox 1132 4177 1281 4252; x_wconf 82' lang='lat' dir='ltr'>voluerit,</span> <span class='ocrx_word' id='word_1_282' title='bbox 1313 4179 1407 4240; x_wconf 90' lang='lat' dir='ltr'>etad</span> 
     </span>
     <span class='ocr_line' id='line_1_38' title="bbox 245 4262 1406 4344; baseline -0.002 -19"><span class='ocrx_word' id='word_1_283' title='bbox 245 4265 372 4325; x_wconf 89' lang='lat' dir='ltr'>ianuam</span> <span class='ocrx_word' id='word_1_284' title='bbox 390 4283 478 4324; x_wconf 86' lang='lat' dir='ltr'>suam</span> <span class='ocrx_word' id='word_1_285' title='bbox 494 4283 565 4325; x_wconf 83' lang='lat' dir='ltr'>cum</span> <span class='ocrx_word' id='word_1_286' title='bbox 580 4269 672 4344; x_wconf 83' lang='lat' dir='ltr'>spata</span> <span class='ocrx_word' id='word_1_287' title='bbox 688 4269 790 4325; x_wconf 85' lang='lat' dir='ltr'>traete</span> <span class='ocrx_word' id='word_1_288' title='bbox 806 4262 983 4335; x_wconf 85' lang='lat' dir='ltr'>accesserit,</span> <span class='ocrx_word' id='word_1_289' title='bbox 1004 4269 1036 4323; x_wconf 88' lang='lat' dir='ltr'>et</span> <span class='ocrx_word' id='word_1_290' title='bbox 1051 4280 1121 4324; x_wconf 88' lang='lat' dir='ltr'>eam</span> <span class='ocrx_word' id='word_1_291' title='bbox 1137 4262 1167 4323; x_wconf 79' lang='lat' dir='ltr'>in</span> <span class='ocrx_word' id='word_1_292' title='bbox 1185 4270 1278 4343; x_wconf 85' lang='lat' dir='ltr'>porta</span> <span class='ocrx_word' id='word_1_293' title='bbox 1294 4263 1363 4325; x_wconf 87' lang='lat' dir='ltr'>sire</span> <span class='ocrx_word' id='word_1_294' title='bbox 1375 4263 1406 4324; x_wconf 90' lang='lat' dir='ltr'>in</span> 
     </span>
     <span class='ocr_line' id='line_1_39' title="bbox 246 4346 1407 4432; baseline -0.002 -22"><span class='ocrx_word' id='word_1_295' title='bbox 246 4356 340 4430; x_wconf 90' lang='lat' dir='ltr'>poste</span> <span class='ocrx_word' id='word_1_296' title='bbox 362 4347 516 4429; x_wconf 86' lang='lat' dir='ltr'>posuerit,</span> <span class='ocrx_word' id='word_1_297' title='bbox 547 4357 620 4408; x_wconf 88' lang='lat' dir='ltr'>tune</span> <span class='ocrx_word' id='word_1_298' title='bbox 647 4347 742 4408; x_wconf 82' lang='lat' dir='ltr'>iudex</span> <span class='ocrx_word' id='word_1_299' title='bbox 764 4347 969 4410; x_wconf 84' lang='lat' dir='ltr'>fideiussores</span> <span class='ocrx_word' id='word_1_300' title='bbox 999 4346 1027 4407; x_wconf 88' lang='lat' dir='ltr'>ei</span> <span class='ocrx_word' id='word_1_301' title='bbox 1055 4346 1174 4432; x_wconf 80' lang='lat' dir='ltr'>exigat,</span> <span class='ocrx_word' id='word_1_302' title='bbox 1209 4354 1241 4408; x_wconf 90' lang='lat' dir='ltr'>ut</span> <span class='ocrx_word' id='word_1_303' title='bbox 1273 4366 1307 4410; x_wconf 87' lang='lat' dir='ltr'>se</span> <span class='ocrx_word' id='word_1_304' title='bbox 1335 4359 1407 4410; x_wconf 89' lang='lat' dir='ltr'>ante</span> 
     </span>
     <span class='ocr_line' id='line_1_40' title="bbox 247 4430 1407 4514; baseline 0 -20"><span class='ocrx_word' id='word_1_305' title='bbox 247 4453 354 4514; x_wconf 81' lang='lat' dir='ltr'>regem</span> <span class='ocrx_word' id='word_1_306' title='bbox 383 4439 614 4513; x_wconf 86' lang='lat' dir='ltr'>repraesentet,</span> <span class='ocrx_word' id='word_1_307' title='bbox 640 4441 672 4493; x_wconf 88' lang='lat' dir='ltr'>et</span> <span class='ocrx_word' id='word_1_308' title='bbox 696 4430 813 4492; x_wconf 88' lang='lat' dir='ltr'>ibidem</span> <span class='ocrx_word' id='word_1_309' title='bbox 837 4451 907 4494; x_wconf 76' lang='lat' dir='ltr'>oum</span> <span class='ocrx_word' id='word_1_310' title='bbox 929 4431 1025 4494; x_wconf 86' lang='lat' dir='ltr'>armis</span> <span class='ocrx_word' id='word_1_311' title='bbox 1048 4431 1113 4493; x_wconf 86' lang='lat' dir='ltr'>suis</span> <span class='ocrx_word' id='word_1_312' title='bbox 1135 4437 1247 4495; x_wconf 88' lang='lat' dir='ltr'>eontra</span> <span class='ocrx_word' id='word_1_313' title='bbox 1275 4439 1407 4494; x_wconf 89' lang='lat' dir='ltr'>contra-</span> 
     </span>
     <span class='ocr_line' id='line_1_41' title="bbox 247 4516 846 4581; baseline -0.003 -1"><span class='ocrx_word' id='word_1_314' title='bbox 247 4520 328 4580; x_wconf 89' lang='lat' dir='ltr'>rium</span> <span class='ocrx_word' id='word_1_315' title='bbox 351 4537 441 4579; x_wconf 89' lang='lat' dir='ltr'>suum</span> <span class='ocrx_word' id='word_1_316' title='bbox 464 4537 499 4580; x_wconf 86' lang='lat' dir='ltr'>se</span> <span class='ocrx_word' id='word_1_317' title='bbox 521 4519 647 4581; x_wconf 87' lang='lat' dir='ltr'>studeat</span> <span class='ocrx_word' id='word_1_318' title='bbox 669 4516 846 4578; x_wconf 83' lang='lat' dir='ltr'>defensare.</span> 
     </span>
    </p>
   </div>
   <div class='ocr_carea' id='block_1_7' title="bbox 0 0 1564 5252">
    <p class='ocr_par' dir='ltr' id='par_1_12' title="bbox 0 0 1564 5252">
     <span class='ocr_line' id='line_1_42' title="bbox 0 0 1564 5252; baseline 0 0"><span class='ocrx_word' id='word_1_319' title='bbox 0 0 1564 5252; x_wconf 95' lang='lat' dir='ltr'> </span> 
     </span>
    </p>
   </div>
  </div>
 </body>
</html>
