<?xml version="1.0" encoding="UTF-8"?>
<!DOCTYPE html PUBLIC "-//W3C//DTD XHTML 1.0 Transitional//EN"
    "http://www.w3.org/TR/xhtml1/DTD/xhtml1-transitional.dtd">
<html xmlns="http://www.w3.org/1999/xhtml" xml:lang="en" lang="en">
 <head>
  <title>
</title>
<meta http-equiv="Content-Type" content="text/html;charset=utf-8" />
  <meta name='ocr-system' content='tesseract 3.04.00' />
  <meta name='ocr-capabilities' content='ocr_page ocr_carea ocr_par ocr_line ocrx_word'/>
</head>
<body>
  <div class='ocr_page' id='page_1' title='image "./lexribuariaetle00sohmgoog/lexribuariaetle00sohmgoog_0115.png"; bbox 0 0 3110 5232; ppageno 0'>
   <div class='ocr_carea' id='block_1_1' title="bbox 0 34 3 1009">
    <p class='ocr_par' dir='ltr' id='par_1_1' title="bbox 0 34 3 1009">
     <span class='ocr_line' id='line_1_1' title="bbox 0 34 3 1009; baseline 0 0"><span class='ocrx_word' id='word_1_1' title='bbox 0 34 3 1009; x_wconf 95' lang='lat' dir='ltr'> </span> 
     </span>
    </p>
   </div>
   <div class='ocr_carea' id='block_1_2' title="bbox 554 464 1276 525">
    <p class='ocr_par' dir='ltr' id='par_1_2' title="bbox 554 464 1276 525">
     <span class='ocr_line' id='line_1_2' title="bbox 554 464 1276 525; baseline -0.001 -3"><span class='ocrx_word' id='word_1_2' title='bbox 554 465 631 522; x_wconf 87' lang='lat' dir='ltr'>LEX</span> <span class='ocrx_word' id='word_1_3' title='bbox 648 464 835 525; x_wconf 71' lang='lat' dir='ltr'>ursulam.</span> <span class='ocrx_word' id='word_1_4' title='bbox 1221 468 1276 522; x_wconf 75' lang='grc'>’105</span> 
     </span>
    </p>
   </div>
   <div class='ocr_carea' id='block_1_3' title="bbox 600 643 804 715">
    <p class='ocr_par' dir='ltr' id='par_1_3' title="bbox 600 643 804 715">
     <span class='ocr_line' id='line_1_3' title="bbox 600 643 804 715; baseline -0.01 -1"><span class='ocrx_word' id='word_1_5' title='bbox 600 661 623 714; x_wconf 82' lang='lat' dir='ltr'>a</span> <span class='ocrx_word' id='word_1_6' title='bbox 642 659 743 715; x_wconf 82' lang='lat' dir='ltr'>cour.</span> <span class='ocrx_word' id='word_1_7' title='bbox 764 643 804 715; x_wconf 89' lang='grc' dir='ltr'>Α.</span> 
     </span>
    </p>
   </div>
   <div class='ocr_carea' id='block_1_4' title="bbox 121 778 1277 1080">
    <p class='ocr_par' dir='ltr' id='par_1_4' title="bbox 121 778 1277 1080">
     <span class='ocr_line' id='line_1_4' title="bbox 222 778 1276 875; baseline -0.007 -18"><span class='ocrx_word' id='word_1_8' title='bbox 222 783 255 857; x_wconf 96' lang='grc'>2.</span> <span class='ocrx_word' id='word_1_9' title='bbox 303 779 343 854; x_wconf 91' lang='lat' dir='ltr'>Si</span> <span class='ocrx_word' id='word_1_10' title='bbox 370 792 495 855; x_wconf 88' lang='lat' dir='ltr'>autem</span> <span class='ocrx_word' id='word_1_11' title='bbox 524 792 695 854; x_wconf 86' lang='lat' dir='ltr'>mortuos</span> <span class='ocrx_word' id='word_1_12' title='bbox 723 804 798 852; x_wconf 89' lang='lat' dir='ltr'>uon</span> <span class='ocrx_word' id='word_1_13' title='bbox 828 779 962 875; x_wconf 78' lang='lat' dir='ltr'>fuerit,</span> <span class='ocrx_word' id='word_1_14' title='bbox 991 789 1028 853; x_wconf 88' lang='lat' dir='ltr'>et</span> <span class='ocrx_word' id='word_1_15' title='bbox 1054 778 1276 854; x_wconf 83' lang='lat' dir='ltr'>varietatem</span> 
     </span>
     <span class='ocr_line' id='line_1_5' title="bbox 121 879 1277 979; baseline -0.003 -24"><span class='ocrx_word' id='word_1_16' title='bbox 121 906 188 956; x_wconf 90' lang='lat' dir='ltr'>seu</span> <span class='ocrx_word' id='word_1_17' title='bbox 214 882 449 955; x_wconf 84' lang='lat' dir='ltr'>debilitatem</span> <span class='ocrx_word' id='word_1_18' title='bbox 473 880 669 979; x_wconf 78' lang='lat' dir='ltr'>probabile</span> <span class='ocrx_word' id='word_1_19' title='bbox 696 905 741 954; x_wconf 88' lang='lat' dir='ltr'>ex</span> <span class='ocrx_word' id='word_1_20' title='bbox 767 881 840 954; x_wconf 93' lang='lat' dir='ltr'>hoc</span> <span class='ocrx_word' id='word_1_21' title='bbox 867 879 903 952; x_wconf 90' lang='lat' dir='ltr'>iu</span> <span class='ocrx_word' id='word_1_22' title='bbox 933 905 1068 979; x_wconf 90' lang='lat' dir='ltr'>corpus</span> <span class='ocrx_word' id='word_1_23' title='bbox 1092 879 1277 974; x_wconf 76' lang='lat' dir='ltr'>habuerit,</span> 
     </span>
     <span class='ocr_line' id='line_1_6' title="bbox 125 980 1145 1080; baseline -0.005 -24"><span class='ocrx_word' id='word_1_24' title='bbox 125 985 195 1056; x_wconf 90' lang='grc'>100</span> <span class='ocrx_word' id='word_1_25' title='bbox 213 983 358 1057; x_wconf 89' lang='lat' dir='ltr'>solidos</span> <span class='ocrx_word' id='word_1_26' title='bbox 377 982 577 1080; x_wconf 88' lang='lat' dir='ltr'>culpabilis</span> <span class='ocrx_word' id='word_1_27' title='bbox 596 980 795 1076; x_wconf 76' lang='lat' dir='ltr'>iudicetur⁷</span> <span class='ocrx_word' id='word_1_28' title='bbox 815 992 880 1055; x_wconf 92' lang='lat' dir='ltr'>aut</span> <span class='ocrx_word' id='word_1_29' title='bbox 898 1007 983 1055; x_wconf 91' lang='lat' dir='ltr'>cum</span> <span class='ocrx_word' id='word_1_30' title='bbox 1004 986 1026 1056; x_wconf 90' lang='lat'>6</span> <span class='ocrx_word' id='word_1_31' title='bbox 1046 981 1145 1054; x_wconf 91' lang='lat' dir='ltr'>iurit.</span> 
     </span>
    </p>
   </div>
   <div class='ocr_carea' id='block_1_5' title="bbox 609 1118 792 1192">
    <p class='ocr_par' dir='ltr' id='par_1_5' title="bbox 609 1118 792 1192">
     <span class='ocr_line' id='line_1_7' title="bbox 609 1118 792 1192; baseline -0.005 0"><span class='ocrx_word' id='word_1_32' title='bbox 609 1118 792 1192; x_wconf 77' lang='lat' dir='ltr'><strong>LXXXIV.</strong></span> 
     </span>
    </p>
   </div>
   <div class='ocr_carea' id='block_1_6' title="bbox 123 1225 1279 1505">
    <p class='ocr_par' dir='ltr' id='par_1_6' title="bbox 123 1225 1279 1505">
     <span class='ocr_line' id='line_1_8' title="bbox 222 1225 1279 1328; baseline -0.005 -27"><span class='ocrx_word' id='word_1_33' title='bbox 222 1228 263 1301; x_wconf 88' lang='lat' dir='ltr'>Si</span> <span class='ocrx_word' id='word_1_34' title='bbox 292 1229 375 1328; x_wconf 92' lang='lat' dir='ltr'>quis</span> <span class='ocrx_word' id='word_1_35' title='bbox 403 1229 611 1326; x_wconf 83' lang='lat' dir='ltr'>grafiouem</span> <span class='ocrx_word' id='word_1_36' title='bbox 639 1229 684 1302; x_wconf 89' lang='lat' dir='ltr'>ad</span> <span class='ocrx_word' id='word_1_37' title='bbox 713 1253 774 1302; x_wconf 89' lang='lat' dir='ltr'>res</span> <span class='ocrx_word' id='word_1_38' title='bbox 799 1225 944 1300; x_wconf 87' lang='lat' dir='ltr'>alienas</span> <span class='ocrx_word' id='word_1_39' title='bbox 973 1225 1112 1300; x_wconf 89' lang='lat' dir='ltr'>iniuste</span> <span class='ocrx_word' id='word_1_40' title='bbox 1143 1225 1279 1298; x_wconf 88' lang='lat' dir='ltr'>tollen·</span> 
     </span>
     <span class='ocr_line' id='line_1_9' title="bbox 124 1326 1278 1427; baseline -0.003 -26"><span class='ocrx_word' id='word_1_41' title='bbox 124 1330 189 1402; x_wconf 90' lang='lat' dir='ltr'>das</span> <span class='ocrx_word' id='word_1_42' title='bbox 222 1329 458 1424; x_wconf 74' lang='lat' dir='ltr'>invitaverit,</span> <span class='ocrx_word' id='word_1_43' title='bbox 492 1333 540 1404; x_wconf 73' lang='lat'>45</span> <span class='ocrx_word' id='word_1_44' title='bbox 567 1327 709 1404; x_wconf 91' lang='lat' dir='ltr'>solidos</span> <span class='ocrx_word' id='word_1_45' title='bbox 739 1326 954 1427; x_wconf 78' lang='lat' dir='ltr'>[culpabilis</span> <span class='ocrx_word' id='word_1_46' title='bbox 983 1327 1189 1422; x_wconf 70' lang='lat' dir='ltr'>iudicetur7</span> <span class='ocrx_word' id='word_1_47' title='bbox 1225 1326 1278 1422; x_wconf 87' lang='lat' dir='ltr'>et]</span> 
     </span>
     <span class='ocr_line' id='line_1_10' title="bbox 123 1430 492 1505; baseline -0.008 -1"><span class='ocrx_word' id='word_1_48' title='bbox 123 1430 287 1504; x_wconf 85' lang='lat' dir='ltr'>similem</span> <span class='ocrx_word' id='word_1_49' title='bbox 306 1430 492 1505; x_wconf 85' lang='lat' dir='ltr'>restituat.</span> 
     </span>
    </p>
   </div>
   <div class='ocr_carea' id='block_1_7' title="bbox 619 1530 784 1604">
    <p class='ocr_par' dir='ltr' id='par_1_7' title="bbox 619 1530 784 1604">
     <span class='ocr_line' id='line_1_11' title="bbox 619 1530 784 1604; baseline -0.018 0"><span class='ocrx_word' id='word_1_50' title='bbox 619 1530 784 1604; x_wconf 89' lang='lat' dir='ltr'><strong>LXXXV.</strong></span> 
     </span>
    </p>
   </div>
   <div class='ocr_carea' id='block_1_8' title="bbox 124 1635 1277 1837">
    <p class='ocr_par' dir='ltr' id='par_1_8' title="bbox 124 1635 1277 1837">
     <span class='ocr_line' id='line_1_12' title="bbox 228 1635 1277 1740; baseline -0.006 -26"><span class='ocrx_word' id='word_1_51' title='bbox 228 1647 258 1714; x_wconf 93' lang='grc'>1.</span> <span class='ocrx_word' id='word_1_52' title='bbox 286 1641 325 1714; x_wconf 87' lang='lat' dir='ltr'>Si</span> <span class='ocrx_word' id='word_1_53' title='bbox 341 1641 424 1740; x_wconf 89' lang='lat' dir='ltr'>quis</span> <span class='ocrx_word' id='word_1_54' title='bbox 441 1666 576 1739; x_wconf 91' lang='lat' dir='ltr'>corpus</span> <span class='ocrx_word' id='word_1_55' title='bbox 596 1651 800 1734; x_wconf 66' lang='lat' dir='ltr'>mortuum7</span> <span class='ocrx_word' id='word_1_56' title='bbox 819 1637 1040 1735; x_wconf 84' lang='lat' dir='ltr'>priusquam</span> <span class='ocrx_word' id='word_1_57' title='bbox 1059 1635 1277 1735; x_wconf 71' lang='lat' dir='ltr'>sepeliatur,</span> 
     </span>
     <span class='ocr_line' id='line_1_13' title="bbox 124 1737 1277 1837; baseline -0.003 -23"><span class='ocrx_word' id='word_1_58' title='bbox 124 1741 388 1837; x_wconf 77' lang='lat' dir='ltr'>expoliaverit,</span> <span class='ocrx_word' id='word_1_59' title='bbox 424 1744 495 1816; x_wconf 94' lang='grc'>100</span> <span class='ocrx_word' id='word_1_60' title='bbox 525 1739 695 1816; x_wconf 78' lang='lat' dir='ltr'>solidos*</span> <span class='ocrx_word' id='word_1_61' title='bbox 726 1764 812 1812; x_wconf 89' lang='lat' dir='ltr'>cum</span> <span class='ocrx_word' id='word_1_62' title='bbox 840 1737 1003 1837; x_wconf 89' lang='lat' dir='ltr'>capitale</span> <span class='ocrx_word' id='word_1_63' title='bbox 1032 1749 1069 1811; x_wconf 88' lang='lat' dir='ltr'>et</span> <span class='ocrx_word' id='word_1_64' title='bbox 1097 1737 1277 1810; x_wconf 88' lang='lat' dir='ltr'>dilaturas</span> 
     </span>
    </p>
   </div>
   <div class='ocr_carea' id='block_1_9' title="bbox 123 1841 1120 2024">
    <p class='ocr_par' dir='ltr' id='par_1_9' title="bbox 123 1841 1120 2024">
     <span class='ocr_line' id='line_1_14' title="bbox 123 1841 313 1915; baseline 0.005 -1"><span class='ocrx_word' id='word_1_65' title='bbox 123 1841 313 1915; x_wconf 86' lang='lat' dir='ltr'>multetur.</span> 
     </span>
     <span class='ocr_line' id='line_1_15' title="bbox 219 1936 1120 2024; baseline -0.004 -22"><span class='ocrx_word' id='word_1_66' title='bbox 219 1940 243 2024; x_wconf 75' lang='lat' dir='ltr'>*l</span> <span class='ocrx_word' id='word_1_67' title='bbox 267 1940 430 2020; x_wconf 91' lang='lat' dir='ltr'>culpabilis</span> <span class='ocrx_word' id='word_1_68' title='bbox 452 1940 604 2001; x_wconf 88' lang='lat' dir='ltr'>iudicetur</span> <span class='ocrx_word' id='word_1_69' title='bbox 626 1945 657 2000; x_wconf 88' lang='lat' dir='ltr'>et</span> <span class='ocrx_word' id='word_1_70' title='bbox 680 1937 787 2000; x_wconf 89' lang='lat' dir='ltr'>similis</span> <span class='ocrx_word' id='word_1_71' title='bbox 810 1936 954 1999; x_wconf 85' lang='lat' dir='ltr'>restituat</span> <span class='ocrx_word' id='word_1_72' title='bbox 976 1952 1070 2003; x_wconf 70' lang='lat' dir='ltr'>luserit</span> <span class='ocrx_word' id='word_1_73' title='bbox 1092 1940 1120 2000; x_wconf 83' lang='lat'>7.</span> 
     </span>
    </p>
   </div>
   <div class='ocr_carea' id='block_1_10' title="bbox 123 2021 1280 2326">
    <p class='ocr_par' dir='ltr' id='par_1_10' title="bbox 123 2021 1280 2326">
     <span class='ocr_line' id='line_1_16' title="bbox 224 2021 1280 2118; baseline -0.006 -17"><span class='ocrx_word' id='word_1_74' title='bbox 224 2028 258 2101; x_wconf 83' lang='lat'>2.</span> <span class='ocrx_word' id='word_1_75' title='bbox 303 2027 343 2102; x_wconf 81' lang='lat' dir='ltr'>si</span> <span class='ocrx_word' id='word_1_76' title='bbox 369 2039 496 2100; x_wconf 88' lang='lat' dir='ltr'>autem</span> <span class='ocrx_word' id='word_1_77' title='bbox 530 2051 617 2100; x_wconf 91' lang='lat' dir='ltr'>eum</span> <span class='ocrx_word' id='word_1_78' title='bbox 646 2051 691 2099; x_wconf 96' lang='lat' dir='ltr'>ex</span> <span class='ocrx_word' id='word_1_79' title='bbox 724 2026 838 2098; x_wconf 92' lang='lat' dir='ltr'>homo</span> <span class='ocrx_word' id='word_1_80' title='bbox 866 2027 1022 2097; x_wconf 84' lang='lat' dir='ltr'>traxerit</span> <span class='ocrx_word' id='word_1_81' title='bbox 1053 2033 1090 2096; x_wconf 91' lang='lat' dir='ltr'>et</span> <span class='ocrx_word' id='word_1_82' title='bbox 1116 2021 1280 2118; x_wconf 92' lang='lat' dir='ltr'>expolia-</span> 
     </span>
     <span class='ocr_line' id='line_1_17' title="bbox 123 2122 1279 2224; baseline -0.003 -25"><span class='ocrx_word' id='word_1_83' title='bbox 123 2127 231 2222; x_wconf 69' lang='lat' dir='ltr'>verit‚</span> <span class='ocrx_word' id='word_1_84' title='bbox 258 2131 332 2204; x_wconf 90' lang='grc'>200</span> <span class='ocrx_word' id='word_1_85' title='bbox 350 2128 493 2201; x_wconf 92' lang='lat' dir='ltr'>solidos</span> <span class='ocrx_word' id='word_1_86' title='bbox 522 2152 607 2200; x_wconf 89' lang='lat' dir='ltr'>cum</span> <span class='ocrx_word' id='word_1_87' title='bbox 634 2125 794 2224; x_wconf 84' lang='lat' dir='ltr'>capitale</span> <span class='ocrx_word' id='word_1_88' title='bbox 821 2135 859 2198; x_wconf 85' lang='lat' dir='ltr'>et</span> <span class='ocrx_word' id='word_1_89' title='bbox 877 2124 1057 2197; x_wconf 89' lang='lat' dir='ltr'>dilaturas</span> <span class='ocrx_word' id='word_1_90' title='bbox 1079 2122 1279 2220; x_wconf 87' lang='lat' dir='ltr'>culpabilis</span> 
     </span>
     <span class='ocr_line' id='line_1_18' title="bbox 124 2222 1280 2326; baseline -0.003 -28"><span class='ocrx_word' id='word_1_91' title='bbox 124 2227 323 2322; x_wconf 76' lang='lat' dir='ltr'>iudicetur,</span> <span class='ocrx_word' id='word_1_92' title='bbox 343 2229 406 2303; x_wconf 91' lang='lat' dir='ltr'>vel</span> <span class='ocrx_word' id='word_1_93' title='bbox 428 2253 577 2326; x_wconf 82' lang='lat' dir='ltr'>wargus</span> <span class='ocrx_word' id='word_1_94' title='bbox 604 2225 690 2321; x_wconf 78' lang='lat' dir='ltr'>sit*‚</span> <span class='ocrx_word' id='word_1_95' title='bbox 713 2251 830 2322; x_wconf 90' lang='lat' dir='ltr'>usque</span> <span class='ocrx_word' id='word_1_96' title='bbox 857 2226 901 2298; x_wconf 91' lang='lat' dir='ltr'>ad</span> <span class='ocrx_word' id='word_1_97' title='bbox 930 2224 1150 2324; x_wconf 87' lang='lat' dir='ltr'>parentibus</span> <span class='ocrx_word' id='word_1_98' title='bbox 1170 2222 1280 2296; x_wconf 88' lang='lat' dir='ltr'>satis·</span> 
     </span>
    </p>
   </div>
   <div class='ocr_carea' id='block_1_11' title="bbox 123 2328 838 2512">
    <p class='ocr_par' dir='ltr' id='par_1_11' title="bbox 123 2328 838 2512">
     <span class='ocr_line' id='line_1_19' title="bbox 123 2328 266 2402; baseline 0 -2"><span class='ocrx_word' id='word_1_99' title='bbox 123 2328 266 2402; x_wconf 86' lang='lat' dir='ltr'>fecerit.</span> 
     </span>
     <span class='ocr_line' id='line_1_20' title="bbox 221 2426 838 2512; baseline -0.002 -25"><span class='ocrx_word' id='word_1_100' title='bbox 221 2427 245 2512; x_wconf 75' lang='lat' dir='ltr'>*j</span> <span class='ocrx_word' id='word_1_101' title='bbox 268 2426 331 2488; x_wconf 88' lang='lat' dir='ltr'>hoc</span> <span class='ocrx_word' id='word_1_102' title='bbox 353 2435 401 2491; x_wconf 90' lang='lat' dir='ltr'>est</span> <span class='ocrx_word' id='word_1_103' title='bbox 423 2427 569 2508; x_wconf 88' lang='lat' dir='ltr'>expulsus</span> <span class='ocrx_word' id='word_1_104' title='bbox 590 2440 712 2492; x_wconf 80' lang='lat' dir='ltr'>inserunt</span> <span class='ocrx_word' id='word_1_105' title='bbox 734 2427 764 2490; x_wconf 83' lang='grc'>8.</span> <span class='ocrx_word' id='word_1_106' title='bbox 790 2427 838 2489; x_wconf 90' lang='grc'>10.</span> 
     </span>
    </p>
   </div>
   <div class='ocr_carea' id='block_1_12' title="bbox 608 2546 791 2621">
    <p class='ocr_par' dir='ltr' id='par_1_12' title="bbox 608 2546 791 2621">
     <span class='ocr_line' id='line_1_21' title="bbox 608 2546 791 2621; baseline -0.022 0"><span class='ocrx_word' id='word_1_107' title='bbox 608 2546 791 2621; x_wconf 92' lang='lat' dir='ltr'><strong>LXXXVl.</strong></span> 
     </span>
    </p>
   </div>
   <div class='ocr_carea' id='block_1_13' title="bbox 229 2657 1280 2758">
    <p class='ocr_par' dir='ltr' id='par_1_13' title="bbox 229 2657 1280 2758">
     <span class='ocr_line' id='line_1_22' title="bbox 229 2657 1280 2758; baseline -0.008 -25"><span class='ocrx_word' id='word_1_108' title='bbox 229 2667 258 2733; x_wconf 91' lang='lat'>1.</span> <span class='ocrx_word' id='word_1_109' title='bbox 304 2660 343 2735; x_wconf 87' lang='lat' dir='ltr'>Si</span> <span class='ocrx_word' id='word_1_110' title='bbox 372 2659 455 2758; x_wconf 88' lang='lat' dir='ltr'>quis</span> <span class='ocrx_word' id='word_1_111' title='bbox 484 2659 671 2732; x_wconf 86' lang='lat' dir='ltr'>caballum</span> <span class='ocrx_word' id='word_1_112' title='bbox 697 2657 852 2731; x_wconf 87' lang='lat' dir='ltr'>alterius</span> <span class='ocrx_word' id='word_1_113' title='bbox 875 2667 1067 2730; x_wconf 89' lang='lat' dir='ltr'>mortuum</span> <span class='ocrx_word' id='word_1_114' title='bbox 1094 2678 1162 2728; x_wconf 90' lang='lat' dir='ltr'>seu</span> <span class='ocrx_word' id='word_1_115' title='bbox 1191 2678 1280 2750; x_wconf 92' lang='lat' dir='ltr'>quo-</span> 
     </span>
    </p>
   </div>
   <div class='ocr_carea' id='block_1_14' title="bbox 595 2822 800 2894">
    <p class='ocr_par' dir='ltr' id='par_1_14' title="bbox 595 2822 800 2894">
     <span class='ocr_line' id='line_1_23' title="bbox 595 2822 800 2894; baseline -0.01 0"><span class='ocrx_word' id='word_1_116' title='bbox 595 2839 618 2894; x_wconf 81' lang='lat' dir='ltr'>a</span> <span class='ocrx_word' id='word_1_117' title='bbox 637 2838 738 2893; x_wconf 83' lang='lat' dir='ltr'>cour.</span> <span class='ocrx_word' id='word_1_118' title='bbox 758 2822 800 2893; x_wconf 89' lang='grc' dir='ltr'>Β.</span> 
     </span>
    </p>
   </div>
   <div class='ocr_carea' id='block_1_15' title="bbox 125 2932 1281 3186">
    <p class='ocr_par' dir='ltr' id='par_1_15' title="bbox 125 2932 1281 3186">
     <span class='ocr_line' id='line_1_24' title="bbox 229 2932 1281 3011; baseline -0.01 -7"><span class='ocrx_word' id='word_1_119' title='bbox 229 2942 257 3004; x_wconf 87' lang='grc'>2.</span> <span class='ocrx_word' id='word_1_120' title='bbox 295 2938 454 3010; x_wconf 79' lang='lat' dir='ltr'>Siautem</span> <span class='ocrx_word' id='word_1_121' title='bbox 477 2947 617 3001; x_wconf 90' lang='lat' dir='ltr'>mortuus</span> <span class='ocrx_word' id='word_1_122' title='bbox 641 2957 704 2999; x_wconf 92' lang='lat' dir='ltr'>uou</span> <span class='ocrx_word' id='word_1_123' title='bbox 720 2938 823 3011; x_wconf 86' lang='lat' dir='ltr'>luerit,</span> <span class='ocrx_word' id='word_1_124' title='bbox 848 2946 878 2999; x_wconf 91' lang='lat' dir='ltr'>et</span> <span class='ocrx_word' id='word_1_125' title='bbox 895 2936 1077 2999; x_wconf 85' lang='lat' dir='ltr'>varietatem</span> <span class='ocrx_word' id='word_1_126' title='bbox 1093 2953 1147 2997; x_wconf 90' lang='lat' dir='ltr'>seu</span> <span class='ocrx_word' id='word_1_127' title='bbox 1165 2932 1281 2994; x_wconf 88' lang='lat' dir='ltr'>debili-</span> 
     </span>
     <span class='ocr_line' id='line_1_25' title="bbox 125 3016 1280 3104; baseline -0.003 -23"><span class='ocrx_word' id='word_1_128' title='bbox 125 3027 219 3083; x_wconf 86' lang='lat' dir='ltr'>tatem</span> <span class='ocrx_word' id='word_1_129' title='bbox 243 3024 439 3104; x_wconf 90' lang='lat' dir='ltr'>probabilem</span> <span class='ocrx_word' id='word_1_130' title='bbox 462 3043 501 3084; x_wconf 87' lang='lat' dir='ltr'>ex</span> <span class='ocrx_word' id='word_1_131' title='bbox 521 3024 583 3084; x_wconf 92' lang='lat' dir='ltr'>hoc</span> <span class='ocrx_word' id='word_1_132' title='bbox 604 3023 635 3083; x_wconf 92' lang='lat' dir='ltr'>in</span> <span class='ocrx_word' id='word_1_133' title='bbox 659 3041 795 3103; x_wconf 87' lang='lat' dir='ltr'>corpore</span> <span class='ocrx_word' id='word_1_134' title='bbox 817 3022 971 3095; x_wconf 87' lang='lat' dir='ltr'>habuerit,</span> <span class='ocrx_word' id='word_1_135' title='bbox 997 3023 1055 3086; x_wconf 88' lang='lat'>100</span> <span class='ocrx_word' id='word_1_136' title='bbox 1078 3018 1186 3080; x_wconf 91' lang='lat' dir='ltr'>solidis</span> <span class='ocrx_word' id='word_1_137' title='bbox 1210 3016 1280 3080; x_wconf 95' lang='lat' dir='ltr'>cul-</span> 
     </span>
     <span class='ocr_line' id='line_1_26' title="bbox 125 3105 744 3186; baseline 0 -18"><span class='ocrx_word' id='word_1_138' title='bbox 125 3105 236 3186; x_wconf 88' lang='lat' dir='ltr'>pabilis</span> <span class='ocrx_word' id='word_1_139' title='bbox 258 3107 417 3182; x_wconf 86' lang='lat' dir='ltr'>iudicetur,</span> <span class='ocrx_word' id='word_1_140' title='bbox 442 3114 496 3169; x_wconf 89' lang='lat' dir='ltr'>aut</span> <span class='ocrx_word' id='word_1_141' title='bbox 518 3127 588 3170; x_wconf 88' lang='lat' dir='ltr'>cum</span> <span class='ocrx_word' id='word_1_142' title='bbox 609 3110 629 3171; x_wconf 82' lang='lat' dir='ltr'>ll</span> <span class='ocrx_word' id='word_1_143' title='bbox 651 3106 744 3168; x_wconf 88' lang='lat' dir='ltr'>iuret.</span> 
     </span>
    </p>
   </div>
   <div class='ocr_carea' id='block_1_16' title="bbox 612 3225 784 3287">
    <p class='ocr_par' dir='ltr' id='par_1_16' title="bbox 612 3225 784 3287">
     <span class='ocr_line' id='line_1_27' title="bbox 612 3225 784 3287; baseline 0.012 -2"><span class='ocrx_word' id='word_1_144' title='bbox 612 3225 784 3287; x_wconf 88' lang='lat' dir='ltr'><strong>LXXXVl.</strong></span> 
     </span>
    </p>
   </div>
   <div class='ocr_carea' id='block_1_17' title="bbox 375 3325 1027 3412">
    <p class='ocr_par' dir='ltr' id='par_1_17' title="bbox 375 3325 1027 3412">
     <span class='ocr_line' id='line_1_28' title="bbox 375 3325 1027 3412; baseline -0.005 -22"><span class='ocrx_word' id='word_1_145' title='bbox 375 3331 426 3390; x_wconf 88' lang='lat' dir='ltr'>De</span> <span class='ocrx_word' id='word_1_146' title='bbox 449 3328 641 3412; x_wconf 84' lang='lat' dir='ltr'>gravione</span> <span class='ocrx_word' id='word_1_147' title='bbox 663 3327 814 3388; x_wconf 89' lang='lat' dir='ltr'>iniuste</span> <span class='ocrx_word' id='word_1_148' title='bbox 836 3325 1027 3387; x_wconf 88' lang='lat' dir='ltr'>invitato.</span> 
     </span>
    </p>
   </div>
   <div class='ocr_carea' id='block_1_18' title="bbox 123 3426 1280 3594">
    <p class='ocr_par' dir='ltr' id='par_1_18' title="bbox 123 3426 1280 3594">
     <span class='ocr_line' id='line_1_29' title="bbox 207 3426 1280 3512; baseline -0.005 -20"><span class='ocrx_word' id='word_1_149' title='bbox 207 3429 238 3492; x_wconf 90' lang='lat' dir='ltr'>Si</span> <span class='ocrx_word' id='word_1_150' title='bbox 268 3430 336 3510; x_wconf 91' lang='lat' dir='ltr'>quis</span> <span class='ocrx_word' id='word_1_151' title='bbox 363 3431 546 3512; x_wconf 82' lang='lat' dir='ltr'>gravionem</span> <span class='ocrx_word' id='word_1_152' title='bbox 570 3430 610 3491; x_wconf 91' lang='lat' dir='ltr'>ad</span> <span class='ocrx_word' id='word_1_153' title='bbox 633 3449 684 3490; x_wconf 88' lang='lat' dir='ltr'>res</span> <span class='ocrx_word' id='word_1_154' title='bbox 707 3429 827 3491; x_wconf 89' lang='lat' dir='ltr'>alienas</span> <span class='ocrx_word' id='word_1_155' title='bbox 849 3428 961 3490; x_wconf 86' lang='lat' dir='ltr'>iniuste</span> <span class='ocrx_word' id='word_1_156' title='bbox 985 3426 1139 3490; x_wconf 88' lang='lat' dir='ltr'>tollendas</span> <span class='ocrx_word' id='word_1_157' title='bbox 1162 3427 1280 3488; x_wconf 84' lang='lat' dir='ltr'>invita-</span> 
     </span>
     <span class='ocr_line' id='line_1_30' title="bbox 123 3512 995 3594; baseline -0.002 -20"><span class='ocrx_word' id='word_1_158' title='bbox 123 3513 217 3588; x_wconf 85' lang='lat' dir='ltr'>verit,</span> <span class='ocrx_word' id='word_1_159' title='bbox 238 3516 278 3580; x_wconf 81' lang='lat'>45</span> <span class='ocrx_word' id='word_1_160' title='bbox 301 3515 421 3578; x_wconf 87' lang='lat' dir='ltr'>solidos</span> <span class='ocrx_word' id='word_1_161' title='bbox 442 3520 610 3594; x_wconf 87' lang='lat' dir='ltr'>conponat,</span> <span class='ocrx_word' id='word_1_162' title='bbox 633 3521 665 3575; x_wconf 92' lang='lat' dir='ltr'>et</span> <span class='ocrx_word' id='word_1_163' title='bbox 686 3512 818 3576; x_wconf 88' lang='lat' dir='ltr'>similem</span> <span class='ocrx_word' id='word_1_164' title='bbox 841 3512 995 3574; x_wconf 83' lang='lat' dir='ltr'>restituat.</span> 
     </span>
    </p>
   </div>
   <div class='ocr_carea' id='block_1_19' title="bbox 608 3633 794 3695">
    <p class='ocr_par' dir='ltr' id='par_1_19' title="bbox 608 3633 794 3695">
     <span class='ocr_line' id='line_1_31' title="bbox 608 3633 794 3695; baseline 0 -1"><span class='ocrx_word' id='word_1_165' title='bbox 608 3633 794 3695; x_wconf 90' lang='lat' dir='ltr'>LXXXVll.</span> 
     </span>
    </p>
   </div>
   <div class='ocr_carea' id='block_1_20' title="bbox 459 3709 948 3817">
    <p class='ocr_par' dir='ltr' id='par_1_20' title="bbox 459 3709 948 3817">
     <span class='ocr_line' id='line_1_32' title="bbox 459 3709 948 3817; baseline -0.004 -19"><span class='ocrx_word' id='word_1_166' title='bbox 459 3738 508 3798; x_wconf 86' lang='lat' dir='ltr'>Do</span> <span class='ocrx_word' id='word_1_167' title='bbox 532 3755 703 3817; x_wconf 91' lang='lat' dir='ltr'>corpore</span> <span class='ocrx_word' id='word_1_168' title='bbox 728 3709 948 3817; x_wconf 84' lang='lat' dir='ltr'>expoliato.</span> 
     </span>
    </p>
   </div>
   <div class='ocr_carea' id='block_1_21' title="bbox 124 3835 1280 4172">
    <p class='ocr_par' dir='ltr' id='par_1_21' title="bbox 125 3835 1280 4002">
     <span class='ocr_line' id='line_1_33' title="bbox 230 3835 1280 3919; baseline -0.01 -13"><span class='ocrx_word' id='word_1_169' title='bbox 230 3843 256 3906; x_wconf 87' lang='lat'>1.</span> <span class='ocrx_word' id='word_1_170' title='bbox 290 3839 321 3900; x_wconf 90' lang='lat' dir='ltr'>Si</span> <span class='ocrx_word' id='word_1_171' title='bbox 344 3839 413 3919; x_wconf 90' lang='lat' dir='ltr'>quis</span> <span class='ocrx_word' id='word_1_172' title='bbox 432 3859 547 3919; x_wconf 89' lang='lat' dir='ltr'>corpus</span> <span class='ocrx_word' id='word_1_173' title='bbox 564 3846 733 3916; x_wconf 58' lang='lat' dir='ltr'>mortuum,</span> <span class='ocrx_word' id='word_1_174' title='bbox 752 3838 935 3918; x_wconf 91' lang='lat' dir='ltr'>priusquam</span> <span class='ocrx_word' id='word_1_175' title='bbox 951 3835 1132 3916; x_wconf 85' lang='lat' dir='ltr'>sepeliatur,</span> <span class='ocrx_word' id='word_1_176' title='bbox 1154 3837 1280 3917; x_wconf 91' lang='lat' dir='ltr'>expoli-</span> 
     </span>
     <span class='ocr_line' id='line_1_34' title="bbox 125 3919 1086 4002; baseline 0 -20"><span class='ocrx_word' id='word_1_177' title='bbox 125 3920 233 3997; x_wconf 86' lang='lat' dir='ltr'>averit,</span> <span class='ocrx_word' id='word_1_178' title='bbox 258 3926 318 3990; x_wconf 93' lang='grc'>100</span> <span class='ocrx_word' id='word_1_179' title='bbox 340 3921 447 3985; x_wconf 90' lang='lat' dir='ltr'>solidis</span> <span class='ocrx_word' id='word_1_180' title='bbox 470 3942 540 3984; x_wconf 91' lang='lat' dir='ltr'>cum</span> <span class='ocrx_word' id='word_1_181' title='bbox 563 3921 695 4002; x_wconf 86' lang='lat' dir='ltr'>capitale</span> <span class='ocrx_word' id='word_1_182' title='bbox 719 3929 750 3982; x_wconf 86' lang='lat' dir='ltr'>et</span> <span class='ocrx_word' id='word_1_183' title='bbox 771 3920 907 3984; x_wconf 78' lang='lat' dir='ltr'>dilutura</span> <span class='ocrx_word' id='word_1_184' title='bbox 930 3919 1086 3982; x_wconf 86' lang='lat' dir='ltr'>multetur.</span> 
     </span>
    </p>

    <p class='ocr_par' dir='ltr' id='par_1_22' title="bbox 124 4002 1279 4172">
     <span class='ocr_line' id='line_1_35' title="bbox 228 4002 1279 4082; baseline -0.004 -10"><span class='ocrx_word' id='word_1_185' title='bbox 228 4011 257 4072; x_wconf 84' lang='lat'>2.</span> <span class='ocrx_word' id='word_1_186' title='bbox 296 4007 328 4068; x_wconf 88' lang='lat' dir='ltr'>Si</span> <span class='ocrx_word' id='word_1_187' title='bbox 358 4013 462 4068; x_wconf 84' lang='lat' dir='ltr'>autem</span> <span class='ocrx_word' id='word_1_188' title='bbox 492 4025 562 4068; x_wconf 90' lang='lat' dir='ltr'>eum</span> <span class='ocrx_word' id='word_1_189' title='bbox 592 4025 631 4065; x_wconf 84' lang='lat' dir='ltr'>ex</span> <span class='ocrx_word' id='word_1_190' title='bbox 652 4006 748 4066; x_wconf 85' lang='lat' dir='ltr'>burno</span> <span class='ocrx_word' id='word_1_191' title='bbox 773 4003 904 4066; x_wconf 81' lang='lat' dir='ltr'>traxerit</span> <span class='ocrx_word' id='word_1_192' title='bbox 926 4012 957 4065; x_wconf 87' lang='lat' dir='ltr'>et</span> <span class='ocrx_word' id='word_1_193' title='bbox 979 4002 1194 4082; x_wconf 86' lang='lat' dir='ltr'>expoliaverit,</span> <span class='ocrx_word' id='word_1_194' title='bbox 1217 4005 1279 4070; x_wconf 81' lang='lat'>200</span> 
     </span>
     <span class='ocr_line' id='line_1_36' title="bbox 124 4087 1278 4172; baseline -0.001 -22"><span class='ocrx_word' id='word_1_195' title='bbox 124 4089 232 4154; x_wconf 88' lang='lat' dir='ltr'>solidis</span> <span class='ocrx_word' id='word_1_196' title='bbox 256 4110 324 4153; x_wconf 90' lang='lat' dir='ltr'>cum</span> <span class='ocrx_word' id='word_1_197' title='bbox 348 4089 483 4172; x_wconf 86' lang='lat' dir='ltr'>capitale</span> <span class='ocrx_word' id='word_1_198' title='bbox 507 4096 538 4151; x_wconf 86' lang='lat' dir='ltr'>et</span> <span class='ocrx_word' id='word_1_199' title='bbox 560 4088 704 4150; x_wconf 88' lang='lat' dir='ltr'>delatura</span> <span class='ocrx_word' id='word_1_200' title='bbox 727 4087 890 4167; x_wconf 89' lang='lat' dir='ltr'>culpabilis</span> <span class='ocrx_word' id='word_1_201' title='bbox 905 4087 1067 4157; x_wconf 84' lang='lat' dir='ltr'>iudicetur,</span> <span class='ocrx_word' id='word_1_202' title='bbox 1091 4087 1140 4147; x_wconf 90' lang='lat' dir='ltr'>vel</span> <span class='ocrx_word' id='word_1_203' title='bbox 1155 4105 1278 4168; x_wconf 85' lang='lat' dir='ltr'>wargus</span> 
     </span>
    </p>
   </div>
   <div class='ocr_carea' id='block_1_22' title="bbox 124 4177 1184 4275">
    <p class='ocr_par' dir='ltr' id='par_1_23' title="bbox 124 4177 1184 4275">
     <span class='ocr_line' id='line_1_37' title="bbox 124 4177 1184 4275; baseline -0.001 -23"><span class='ocrx_word' id='word_1_204' title='bbox 124 4192 172 4266; x_wconf 89' lang='lat' dir='ltr'>sit,</span> <span class='ocrx_word' id='word_1_205' title='bbox 195 4179 268 4251; x_wconf 86' lang='lat' dir='ltr'>hoc</span> <span class='ocrx_word' id='word_1_206' title='bbox 287 4189 346 4252; x_wconf 82' lang='lat' dir='ltr'>est</span> <span class='ocrx_word' id='word_1_207' title='bbox 366 4177 557 4275; x_wconf 64' lang='lat' dir='ltr'>expulsus7</span> <span class='ocrx_word' id='word_1_208' title='bbox 582 4191 777 4272; x_wconf 87' lang='lat' dir='ltr'>usquedum</span> <span class='ocrx_word' id='word_1_209' title='bbox 800 4189 981 4270; x_wconf 86' lang='lat' dir='ltr'>parentibus</span> <span class='ocrx_word' id='word_1_210' title='bbox 1004 4187 1184 4251; x_wconf 77' lang='lat' dir='ltr'>satisfaciat.</span> 
     </span>
    </p>
   </div>
   <div class='ocr_carea' id='block_1_23' title="bbox 231 4308 1278 4598">
    <p class='ocr_par' dir='ltr' id='par_1_24' title="bbox 231 4308 1278 4598">
     <span class='ocr_line' id='line_1_38' title="bbox 600 4308 799 4373; baseline 0 0"><span class='ocrx_word' id='word_1_211' title='bbox 600 4308 799 4373; x_wconf 88' lang='lat' dir='ltr'>LXXXVlll.</span> 
     </span>
     <span class='ocr_line' id='line_1_39' title="bbox 442 4411 961 4476; baseline -0.004 -2"><span class='ocrx_word' id='word_1_212' title='bbox 442 4415 494 4475; x_wconf 89' lang='lat' dir='ltr'>Do</span> <span class='ocrx_word' id='word_1_213' title='bbox 516 4412 675 4476; x_wconf 84' lang='lat' dir='ltr'>caballo</span> <span class='ocrx_word' id='word_1_214' title='bbox 699 4411 961 4474; x_wconf 87' lang='lat' dir='ltr'>excorticato.</span> 
     </span>
     <span class='ocr_line' id='line_1_40' title="bbox 231 4510 1278 4598; baseline -0.012 -15"><span class='ocrx_word' id='word_1_215' title='bbox 231 4519 258 4583; x_wconf 86' lang='lat' dir='ltr'>l.</span> <span class='ocrx_word' id='word_1_216' title='bbox 295 4515 327 4578; x_wconf 84' lang='lat' dir='ltr'>Si</span> <span class='ocrx_word' id='word_1_217' title='bbox 357 4517 425 4598; x_wconf 91' lang='lat' dir='ltr'>quis</span> <span class='ocrx_word' id='word_1_218' title='bbox 455 4515 610 4578; x_wconf 89' lang='lat' dir='ltr'>caballum</span> <span class='ocrx_word' id='word_1_219' title='bbox 638 4513 766 4577; x_wconf 83' lang='lat' dir='ltr'>alterius</span> <span class='ocrx_word' id='word_1_220' title='bbox 797 4520 953 4575; x_wconf 87' lang='lat' dir='ltr'>mortuum</span> <span class='ocrx_word' id='word_1_221' title='bbox 980 4530 1036 4574; x_wconf 89' lang='lat' dir='ltr'>seu</span> <span class='ocrx_word' id='word_1_222' title='bbox 1059 4510 1278 4592; x_wconf 86' lang='lat' dir='ltr'>quodcumque</span> 
     </span>
    </p>
   </div>
   <div class='ocr_carea' id='block_1_24' title="bbox 0 0 1562 5232">
    <p class='ocr_par' dir='ltr' id='par_1_25' title="bbox 0 0 1562 5232">
     <span class='ocr_line' id='line_1_41' title="bbox 0 0 1562 5232; baseline 0 0"><span class='ocrx_word' id='word_1_223' title='bbox 0 0 1562 5232; x_wconf 95' lang='lat' dir='ltr'> </span> 
     </span>
    </p>
   </div>
  </div>
 </body>
</html>
