3110 5232
763 475 841 532 LEX
860 473 1047 532 uinclum.

803 667 946 725 uconu
967 650 1006 723 A.

321 788 585 865 venationibus
616 787 673 860 vel
702 790 748 861 de
774 787 1059 885 piscationibus,
1090 787 1177 884 quia
1203 812 1276 860 non
1302 809 1360 860 res
1384 809 1458 884 pos·

323 913 451 984 sessa,
478 890 543 963 sed
572 890 617 962 de
654 888 759 986 ligna
795 886 930 986 agitur.
981 891 1055 961 Aut
1083 888 1114 961 si
1143 887 1354 986 negaverit,
1386 909 1458 958 cum

323 1003 399 1064 tres
419 989 519 1062 iurit.

819 1089 987 1162 LXXVll.

223 1228 313 1292 para.
423 1207 461 1282 Si
493 1207 576 1305 quis
605 1207 799 1281 hominem
822 1231 936 1304 super
962 1233 1023 1282 res
1047 1232 1134 1281 suas
1154 1202 1459 1306 conprehenderit,
1541 1212 1542 1215 ’

325 1319 468 1383 etcum
487 1307 609 1406 ligare
628 1307 811 1404 voluerit,
839 1319 906 1382 aut
928 1333 1045 1406 super
1070 1333 1247 1403 uxorem,
1276 1317 1338 1380 aut
1362 1327 1460 1402 super

323 1409 460 1503 filiam,
486 1408 547 1482 vel
572 1408 633 1481 his
662 1407 873 1504 similibus,
900 1419 938 1483 et
962 1435 1038 1482 non
1063 1407 1318 1507 praevaluerit
1335 1406 1459 1504 legare,
1542 1443 1543 1480 t

324 1510 389 1584 sed
417 1508 569 1582 colebus
595 1508 630 1583 ei
659 1509 883 1605 excesserit,
912 1521 950 1583 et
977 1535 1065 1584 eum
1091 1509 1328 1603 interficerit,
1352 1528 1460 1578 coram

323 1610 484 1684 testibus
511 1610 547 1681 in
574 1609 783 1707 quadruvio
804 1609 841 1682 in
862 1610 948 1684 clita
970 1635 1056 1685 eum
1074 1610 1203 1685 levare
1222 1611 1342 1702 debet,
1366 1605 1460 1680 etsie

323 1714 373 1784 40
400 1735 468 1783 seu
499 1715 543 1784 14
572 1721 703 1785 noctes
741 1711 951 1807 custodire,
989 1723 1026 1784 et
1052 1722 1140 1785 tunc
1169 1722 1256 1784 ante
1292 1708 1406 1781 iudice
1430 1704 1459 1776 in

322 1811 438 1884 harao
475 1811 659 1905 coniurit,
696 1814 909 1909 quodcum
947 1813 993 1885 de
1026 1811 1103 1885 vita
1136 1812 1336 1886 forfactum
1367 1807 1461 1880 inter·

323 1912 489 1985 fecisset.
527 1910 594 1984 Sin
620 1923 747 1985 autem
774 1911 847 1985 ista
872 1938 947 1985 non
973 1911 1258 2009 adimpleverit,
1286 1905 1460 1984 homicidii

324 2012 521 2109 culpabilis
547 2013 743 2084 iudicetur.
792 2014 867 2084 Aut
891 2013 922 2085 si
950 2013 1168 2112 negaverit,
1198 2037 1283 2086 cum
1307 2009 1460 2109 legitimo

323 2137 480 2187 numero
501 2113 610 2208 iuret,
631 2115 728 2210 quod
748 2114 821 2186 hoc
839 2138 914 2186 non
933 2115 1096 2187 fecisset.

809 2269 994 2342 LXXVlll.

426 2385 467 2458 Si
484 2387 567 2483 quis
583 2387 756 2459 furonem
772 2386 810 2459 in
825 2389 937 2461 domo
952 2387 1151 2487 reciperet,
1167 2387 1230 2462 vel
1245 2387 1280 2460 ei
1295 2383 1463 2483 ospicium

326 2512 393 2560 seu
412 2486 554 2560 victum
577 2487 821 2586 praestiterit,
841 2490 930 2560 dum
954 2514 1015 2563 res
1037 2487 1182 2562 alienas
1198 2485 1386 2577 furaverit,
1403 2479 1464 2581 ipsi

990 2699 1467 2718 M

807 2889 829 2942 r
848 2887 949 2943 cour.
969 2872 1011 2943 B.

326 3025 377 3103 res
408 3023 556 3086 possessa
586 3012 647 3078 est,
677 3005 732 3066 sed
762 3008 801 3066 de
824 3005 906 3086 ligna
933 3007 1042 3088 agitur.
1085 3008 1146 3068 Aut
1167 3007 1194 3068 si
1216 3005 1390 3098 negaverit,
1410 3020 1469 3062 cum

223 3211 247 3252 ρ.
264 3091 346 3240 2633
367 3099 458 3152 ruret.
836 3173 980 3235 LXXIX.

657 3277 707 3336 De
729 3273 889 3336 homine
910 3276 1155 3338 furbattudo.

431 3376 462 3437 Si
486 3376 554 3458 quis
572 3375 733 3438 hominem
750 3396 845 3456 super
860 3379 954 3438 rebus
971 3378 1033 3439 suis
1051 3376 1346 3458 conpraehenderit,
1369 3383 1398 3436 et
1411 3391 1472 3433 eum

326 3460 424 3540 ligare
439 3460 582 3533 voluerit,
605 3468 659 3522 aut
678 3480 773 3541 super
787 3480 929 3534 uxorem,
952 3479 1008 3522 seu
1023 3481 1118 3541 super
1135 3460 1242 3534 filiam,
1265 3461 1316 3522 vel
1330 3459 1379 3522 his
1393 3455 1473 3519 simi-

327 3543 419 3615 libus,
442 3552 474 3605 et
495 3563 558 3605 non
582 3543 795 3625 praevaluerit
815 3544 923 3626 ligare,
954 3545 1009 3607 sed
1037 3544 1226 3625 procolebus
1258 3545 1286 3606 ei
1309 3539 1472 3607 excesserit,

329 3634 362 3689 et
390 3647 460 3688 eum
487 3627 682 3700 interficerit,
713 3646 822 3689 curam
851 3628 980 3690 testibus
1003 3629 1034 3689 in
1057 3628 1233 3708 quadruvio
1256 3629 1289 3690 in
1312 3627 1390 3689 clida
1412 3639 1473 3684 eum
1541 3639 1543 3708 r

329 3712 436 3772 levare
458 3712 567 3784 debet,
595 3719 626 3772 et
648 3712 693 3773 sic
715 3714 756 3777 40
779 3731 835 3773 seu
857 3712 1105 3792 quattuordecim
1129 3720 1239 3773 noctes
1263 3711 1428 3780 custodire,
1448 3712 1474 3765 et
1542 3709 1543 3790 ,

329 3803 401 3856 tunc
423 3802 495 3856 ante
516 3795 649 3856 iudicem
668 3794 700 3855 in
715 3797 816 3857 araho
832 3796 984 3868 coniuret,
1000 3797 1083 3876 quod
1100 3816 1170 3857 eum
1187 3796 1227 3856 de
1242 3796 1307 3858 vita
1322 3789 1473 3856 forfactum
1542 3795 1543 3802 ’

328 3879 548 3942 interfecisset.
591 3879 644 3940 Sin
676 3886 779 3941 autem
808 3881 867 3942 ista
891 3899 953 3941 non
976 3879 1205 3959 adimpleverit,
1234 3878 1392 3941 homicidii
1414 3873 1474 3938 cul-

330 3963 441 4044 pabilis
462 3963 625 4025 iudicetur.
669 3966 730 4024 Aut
752 3963 777 4024 si
799 3964 970 4045 negaverit,
993 3982 1061 4024 eum
1084 3962 1221 4046 legitimo
1243 3982 1374 4025 numero
1395 3959 1474 4027 iuret,

330 4050 414 4129 quod
438 4048 500 4110 hoc
522 4066 585 4109 non
608 4047 742 4111 fecisset.

843 4131 973 4192 LXXX.

518 4234 571 4294 De
594 4253 640 4294 eo
664 4234 726 4314 qui
749 4235 877 4294 furem
899 4234 937 4294 in
960 4234 1072 4295 domo
1096 4231 1305 4313 reciperit.

436 4334 468 4395 Si
499 4335 566 4417 quis
596 4336 696 4397 furem
728 4337 759 4396 in
790 4334 886 4396 domo
913 4335 1066 4415 reciperit,
1096 4333 1146 4394 vel
1176 4335 1204 4396 ei
1231 4333 1400 4414 hospitium
1427 4343 1476 4388 scu

331 4419 445 4480 victum
472 4419 674 4498 praestiterit,
704 4420 778 4480 dum
801 4439 852 4479 res
875 4418 994 4480 alienes
1016 4419 1139 4480 furatus
1160 4418 1262 4489 fuerit,
1290 4417 1359 4498 ipse
1380 4408 1477 4474 similis
