3090 5258
705 428 781 484 LEX
801 427 988 484 mannam.

741 623 766 678 6
783 623 885 677 6666.
903 605 944 678 Α.

810 743 881 816 XX.
1535 819 1536 824 ,

368 869 399 936 1.
426 862 466 938 Si
485 887 619 937 servus
638 863 804 963 ingenuo
824 861 1023 961 sanguinis
1043 862 1273 936 effusionem
1294 861 1425 936 fecerit
1535 911 1537 952 5

265 975 330 1036 aut
355 965 462 1063 regio
494 963 555 1037 vel
590 963 853 1039 eeclesiastico
881 963 1056 1060 homine⁷
1088 963 1219 1062 quinto
1250 963 1423 1037 demedio
1536 997 1537 1038 1

264 1065 387 1140 solido
408 1065 605 1164 culpabilis
624 1065 821 1140 iudicetur.
852 1066 928 1138 Aut
952 1065 985 1138 si
1009 1066 1220 1163 negaverit,
1249 1065 1424 1138 dominus

265 1167 349 1242 eius
370 1192 456 1241 curn
476 1169 499 1240 6
520 1166 620 1240 iurit.
1536 1241 1537 1260 2

366 1271 400 1343 2.
428 1267 615 1342 Similiter
642 1268 674 1342 si
703 1268 889 1367 ingenuus
915 1279 981 1341 aut
1005 1268 1136 1366 regius
1162 1268 1225 1341 vel
1246 1265 1425 1342 ecclesia·
1536 1283 1537 1356 g

265 1367 384 1443 sticus
411 1370 527 1443 horno
554 1394 665 1443 servo
692 1370 767 1443 hoc
784 1369 931 1465 fecerit,
956 1367 1086 1467 quinto
1106 1369 1284 1443 demedio
1305 1367 1423 1442 solido
1536 1373 1537 1430 ἒ

266 1470 467 1570 culpabilis
487 1468 712 1545 iudicetur*.

368 1587 393 1671 *1
418 1596 473 1650 661
493 1607 562 1650 cum
587 1609 644 1651 sex
664 1589 747 1650 iuret
765 1601 866 1654 addant
890 1589 920 1653 3.
942 1589 972 1652 6.
995 1591 1025 1652 7.
1048 1590 1085 1663 9;
1114 1598 1168 1649 aut
1190 1588 1339 1649 dominus
1361 1586 1423 1646 eius

415 1691 485 1734 cum
507 1692 564 1734 sex
585 1673 668 1735 iuret
683 1686 761 1738 nddft
782 1674 831 1738 to.

800 1803 891 1876 xxt.

366 1922 475 2011 Quod
505 1923 538 1996 si
566 1923 754 2022 ingenuus
791 1935 857 1999 aut
883 1923 1014 2024 regius
1046 1923 1106 1997 vel
1142 1921 1421 1996 ecclesiasticos

263 2024 379 2097 horno
396 2049 507 2098 servo
523 2050 612 2099 osso
628 2024 790 2124 frigent,
810 2030 833 2100 9
848 2025 992 2101 solidos
1008 2024 1206 2124 culpabilis
1222 2024 1422 2116 iudicetur,
1479 2058 1481 2066 s
1536 2103 1537 2106 Ἴ

265 2134 331 2198 aut
350 2125 503 2200 domino
525 2125 605 2200 eius
626 2151 711 2199 cum
730 2129 754 2201 6
774 2127 873 2201 iurit.

787 2264 897 2338 XXll.

364 2382 471 2472 Quod
499 2383 530 2457 si
559 2409 690 2457 servos
730 2384 925 2458 hominem
959 2385 1100 2458 Franco
1141 2395 1206 2457 aut
1244 2381 1420 2456 Ribuario
1536 2381 1537 2384 ’

162 2521 187 2564 p.
202 2502 253 2554 220.
263 2509 351 2558 ossa
377 2484 544 2582 frigerit,
571 2485 748 2560 dominus
774 2487 856 2560 eius
876 2488 924 2560 36
944 2485 1085 2560 solidos
1109 2485 1312 2582 culpabilis
1332 2483 1421 2557 iudi-

748 2740 772 2794 6
790 2739 892 2795 6666.
913 2723 954 2794 Β.

807 2859 878 2920 XX.

577 2959 631 3021 De
654 2960 853 3022 effusione
876 2961 1096 3042 sanguinis.

369 3063 397 3126 1.
429 3061 461 3124 Si
494 3081 605 3125 servus
637 3063 773 3144 ingenuo
803 3075 857 3126 aut
884 3063 972 3145 regio
996 3064 1046 3125 vel
1067 3065 1280 3126 ecclesiastico
1304 3061 1419 3126 homini
1536 3065 1537 3144 ]

262 3145 422 3228 sanguinis
439 3145 624 3210 effusionem
640 3147 758 3223 fecerit,
774 3153 803 3214 5.
816 3149 952 3210 dimedio
968 3148 1069 3211 solido
1082 3149 1244 3230 culpabilis
1257 3149 1418 3212 iudicetur.
1535 3167 1537 3190 ³

260 3231 323 3292 Aut
344 3231 370 3292 si
393 3231 565 3312 negaverit,
585 3233 730 3294 dominus
754 3232 819 3294 6166
843 3253 911 3294 eum
934 3237 954 3298 6
976 3234 1067 3295 iuret.

366 3319 395 3380 2.
426 3315 573 3378 Similiter
594 3317 620 3378 si
636 3318 788 3398 ingenuas
810 3325 864 3381 aut
879 3317 982 3401 regius
1005 3317 1055 3379 vel
1074 3317 1305 3380 ecclesiasticas
1325 3317 1418 3378 homo

260 3416 323 3479 hoe
349 3435 441 3479 servo
469 3419 592 3492 fecerit,
621 3423 639 3484 5
666 3420 805 3482 dimedio
835 3420 938 3483 solido
967 3420 1128 3501 culpabilis
1157 3420 1327 3494 iudicetur,
1358 3411 1418 3476 aut

262 3503 455 3599 [dominus
475 3504 571 3602 eius]
592 3530 677 3578 cum
696 3513 718 3582 6
738 3507 847 3581 iuret.

797 3640 883 3702 XXI.

563 3743 612 3804 De
635 3762 729 3806 6666
751 3743 882 3807 fracto
905 3762 1118 3806 servorum.

367 3842 460 3917 Quod
484 3845 509 3908 si
532 3847 684 3928 ingenuus
707 3855 760 3908 aut
775 3847 878 3927 regius
895 3846 944 3908 vel
959 3845 1188 3908 ecclesiasticus
1206 3846 1303 3907 homo
1327 3860 1415 3910 servo

259 3947 295 3990 66
318 3928 456 4010 fregerit,
478 3930 623 3998 9sofidis
645 3930 808 4011 culpabitis
831 3931 993 4003 iudicetur,
1017 3939 1070 3991 aut
1092 3929 1236 3991 dominus
1259 3931 1326 3994 eius
1349 3944 1415 3991 cum

258 4017 278 4080 6
300 4013 391 4077 iuret.

785 4098 884 4160 XXff.

439 4201 492 4262 De
515 4221 606 4264 osse
628 4203 762 4265 fracte
784 4202 1047 4283 ingenuorum
1070 4219 1089 4262 6
1112 4220 1238 4263 servo.

140 4316 181 4383 ⁸1²·
196 4314 271 4381 220..
365 4302 458 4377 Quod
482 4305 508 4365 si
530 4324 640 4368 servus
670 4303 789 4366 homini
812 4305 931 4367 Franco
956 4312 1009 4366 aut
1029 4303 1196 4366 *Ribuario
1220 4323 1256 4365 66
1279 4300 1413 4385 fregerit,

260 4387 405 4450 dominus
435 4387 501 4450 eius
530 4393 570 4456 36
593 4388 701 4452 solidis
732 4388 893 4469 culpabilis
923 4387 1087 4480 indicetur.
1136 4388 1168 4448 Si
1198 4395 1302 4450 autem
1329 4384 1412 4467 regio
