3110 5232
321 435 373 492 too
761 434 837 490 LEX
855 433 1045 492 Rtuunuln.

801 627 944 685 naono.
964 611 1004 683 Α.

319 773 433 848 quern
453 749 673 823 interciatus
694 748 819 843 fuerit,
837 747 998 847 capitale
1012 760 1051 823 et
1065 749 1225 824 dilatura
1240 774 1322 823 eum
1337 761 1456 847 texaga

320 850 518 947 culpabilis
538 849 734 922 iudicetur.

420 953 454 1024 9.
499 950 775 1024 Vestimentum
806 959 934 1022 autem
962 973 1029 1024 seu
1065 950 1125 1024 his
1153 950 1292 1024 similia
1329 951 1456 1044 absque

318 1051 511 1150 probabile
530 1052 682 1150 signum
702 1049 904 1124 interciare
923 1050 1176 1149 prohibemus.

824 1186 978 1259 LXXlll.

423 1314 454 1380 l.
490 1307 529 1380 Si
549 1306 633 1405 quis
659 1306 844 1404 ingenuos
862 1305 1059 1379 Ribuarios
1085 1308 1259 1382 luronern
1286 1301 1457 1402 ligaverit,

319 1419 355 1482 et
375 1433 462 1481 eurn
489 1410 630 1504 absque
657 1405 795 1479 iudicio
822 1404 1012 1503 principes
1039 1407 1187 1482 solvere
1210 1427 1457 1507 praesumpse-

318 1509 379 1605 rit,
399 1513 448 1582 60
466 1509 608 1582 solidos
628 1506 826 1604 culpabilis
846 1507 1044 1581 iudicetur.

421 1612 454 1684 2.
505 1608 545 1681 Si
575 1609 658 1708 quis
686 1632 770 1682 euni
800 1608 877 1679 virn
905 1608 1069 1705 tullerit,
1098 1615 1147 1685 60
1175 1609 1316 1683 solidos
1343 1604 1456 1700 eulpa·

318 1710 403 1784 bilis
423 1709 620 1785 iudicetur.

422 1815 456 1885 3.
500 1812 539 1885 Si
568 1823 693 1884 autern
721 1810 870 1908 legatus
905 1810 994 1908 fuga
1021 1810 1150 1908 lapsus
1182 1811 1313 1904 fuerit,
1340 1817 1375 1878 et
1395 1805 1457 1875 boc

319 1935 405 1983 curn
436 1936 500 1984 sex
532 1910 721 2006 iuraverit,
754 1910 852 2007 quod
883 1912 1025 2008 absque
1052 1912 1134 1985 eius
1162 1912 1353 1984 voluntate
1379 1906 1457 2001 fuga

318 2013 445 2110 lapsus
465 2011 609 2107 fuisset,
630 2011 808 2083 innocens
827 2011 1019 2084 habeatur.

419 2116 453 2185 4.
499 2112 539 2185 Si
569 2117 720 2207 autem,
746 2109 805 2183 oui
842 2113 1128 2186 commendatus
1154 2114 1309 2205 fuisset,
1343 2109 1458 2202 lugam

319 2213 497 2309 evaserit,
518 2218 566 2288 60
584 2213 725 2286 solidos
747 2211 944 2308 culpabilis
964 2212 1161 2286 iudicetur.

219 2364 309 2422 naon
823 2350 971 2421 LlllllV.

164 2475 168 2482 '
421 2471 500 2542 Hoo
528 2479 654 2542 autem
683 2469 976 2564 constituemus,
1010 2480 1050 2541 ut
1086 2468 1213 2542 nullus
1252 2491 1334 2541 eurn
1362 2481 1458 2536 servo

1410 2603 1461 2612 n„-

322 2619 436 2626 ..-..---.
447 2620 462 2624 .-
476 2619 498 2624 ‚-
507 2618 616 2624 --.-.—--
803 2610 1403 2626 ---·,-—---—1—-—-0--a—-.-.-..‚-—.-⁴-·‘⁴

795 2713 939 2770 naono.
961 2697 1001 2771 B.

315 2830 505 2928 intertiatam
537 2830 651 2903 fuerit,
684 2831 818 2910 capitale
852 2841 883 2892 et
915 2832 1059 2895 delatura
1092 2852 1160 2894 curn
1194 2836 1280 2896 furto
1313 2821 1460 2909 culpabilis

315 2916 478 3064 uldwelllr·
489 2996 716 3060 vestimentum
748 3005 852 3062 autern
881 3019 937 3060 seu
965 2999 1015 3062 his
1036 2999 1148 3061 similia
1176 3005 1297 3082 absque
1319 2989 1461 3078 probabili

316 3082 407 3162 signo
428 3081 590 3143 intertiare
613 3080 825 3161 prohibemus.

834 3203 958 3264 LXXV.

450 3304 499 3365 De
523 3304 671 3366 homine
693 3304 810 3386 ligato
832 3307 971 3386 absque
993 3305 1134 3366 iudioio
1163 3306 1342 3369 dimisso.

422 3408 450 3469 1.
494 3406 525 3466 Si
555 3406 623 3487 quis
650 3407 801 3489 ingenuus
829 3407 994 3470 Ribuarius
1025 3409 1124 3468 lurern
1154 3407 1311 3492 ligaverit,
1342 3412 1371 3466 et
1399 3418 1461 3463 eum

315 3488 569 3633 plpppuipldiirpqlppp
593 3489 739 3570 principis
762 3492 888 3552 solvere
902 3492 1158 3572 praesumpserit,
1180 3496 1221 3558 60
1237 3491 1346 3556 solidis
1362 3487 1464 3567 culpa-

337 3594 346 3634 Ι
420 3659 450 3719 2.
494 3655 526 3716 Si
548 3620 615 3736 quis
640 3675 709 3717 eum
734 3658 763 3718 vi
785 3656 900 3730 tulerit,
930 3661 971 3723 60
993 3659 1101 3722 solidis
1124 3661 1288 3742 culpabilis
1310 3657 1463 3721 iudicetur.

420 3740 449 3804 3.
487 3739 519 3800 Si
543 3748 646 3802 autem
670 3739 782 3823 ligatus
805 3742 877 3824 luga
900 3741 1007 3823 lapsus
1028 3744 1130 3820 luerit,
1153 3752 1184 3806 et
1199 3746 1261 3806 hoo
1277 3764 1345 3806 curn
1361 3746 1379 3808 6
1395 3756 1464 3800 oon-

314 3823 573 3969 ppppepigbeqppp
597 3827 718 3906 absque
741 3826 808 3888 eius
832 3826 993 3888 voluntate
1015 3829 1089 3910 luga
1110 3827 1217 3908 lapsus
1233 3829 1352 3902 luisset,
1373 3825 1463 3887 inno-

420 3994 450 4056 4.
496 3991 526 4053 Si
562 4001 683 4066 autem,
720 3993 767 4054 oui
805 3995 1041 4057 commendatus
1075 3997 1183 4070 luerit,
1221 3996 1294 4078 fuga
1329 3987 1463 4058 evaserit,

314 4076 356 4140 60
378 4075 488 4138 solidis
512 4075 672 4157 culpabilis
695 4077 861 4140 iudicetur.

216 4226 237 4268 ρ.
253 4208 304 4257 tu.
796 4217 798 4222 ⁸
827 4198 967 4260 Lxxvt.

314 4297 357 4358 Ut
379 4297 504 4359 nullus
527 4318 603 4360 ourn
621 4319 739 4362 servo
756 4301 1018 4445 trapitiouem
1035 4301 1463 4376 velcommutationem

844 4386 961 4447 aciat.

420 4485 489 4546 Hoo
511 4490 616 4546 autem
639 4485 863 4558 constituimus,
886 4496 917 4549 ut
940 4488 1040 4551 nullus
1056 4509 1127 4551 oum
1143 4509 1235 4551 servo
1250 4487 1354 4550 alieno
1370 4498 1465 4562 nego-
