3090 5258
589 450 805 507 PRAEFATIO.
1221 451 1258 504 23

122 624 274 707 formam
295 621 376 708 lenis
392 621 575 688 Ribunriae
597 624 795 703 contineant,
816 622 956 688 mediam
980 623 1150 710 quandam
1171 624 1259 688 inter

135 708 315 793 9enuinum
337 715 365 770 ct
385 705 555 792 oulqatum
577 717 707 772 tentum.

641 840 672 918 ἕ.
696 836 744 900 10.
967 924 969 930 Α

516 938 573 1022 De
600 937 814 1002 codicibus
835 938 876 1002 B.

221 1040 257 1120 1)
274 1038 540 1104 Primumlocum
555 1040 632 1105 dedi
653 1040 788 1105 codici
810 1041 1000 1106 ciuitatis
1016 1039 1100 1106 San
1137 1039 1257 1104 allen-

136 1126 192 1188 sis
214 1122 286 1187 338
309 1129 326 1206 (
328 1123 403 1187 olim
420 1123 454 1190 Ο.
470 1123 488 1186 7
490 1128 517 1204 ),
539 1122 662 1189 saeculi
675 1124 715 1203 X,
737 1147 827 1210 quem
850 1124 956 1188 dcccci
980 1133 1093 1189 serunt
1134 1133 1199 1188 erte
1220 1127 1256 1188 in

137 1207 271 1270 ‘Arabio
287 1206 345 1271 der
360 1205 572 1291 Gesellacbaft
585 1207 651 1292 fiir
673 1207 771 1272 c'tltere
786 1207 935 1272 deutsche
951 1146 1258 1272 (geschichtskunde

144 1291 176 1370 V,
204 1313 239 1374 p,
270 1291 449 1370 ‘tlt-213,
478 1291 671 1373 Pardesouo,
701 1292 773 1356 ‘Loi
802 1290 958 1390 Saliqne'·
973 1316 1009 1376 p.
1038 1291 1123 1356 LXI.
1152 1291 1256 1355 LXII.

135 1375 212 1438 Post
232 1373 261 1438 le
285 1396 333 1438 em
356 1373 504 1439 Salicem
525 1375 729 1440 emendatam
750 1373 804 1439 lex
825 1374 1053 1460 Ripuanorum
1078 1374 1257 1456 enlibetnr,

135 1481 234 1544 quam
261 1397 314 1522 lea
343 1457 606 1524 Alamannorum
635 1461 789 1543 sequitur.
832 1458 947 1545 Lenem
975 1459 1174 1525 Ribuariam
1203 1460 1255 1523 in-

136 1542 198 1605 dea
213 1540 255 1604 92
269 1543 480 1607 rubricarum
495 1543 664 1623 antecedit,
688 1545 743 1606 cui
763 1546 879 1607 ineunt
900 1542 1055 1607 rubricae
1077 1541 1117 1608 de
1139 1563 1257 1607 aroene

134 1635 165 1690 et
183 1623 224 1689 de
240 1627 438 1690 testamentis
452 1647 576 1710 regum.
619 1627 661 1690 In
683 1635 771 1690 tectu
792 1625 874 1713 lenia
897 1636 925 1688 ct
946 1628 1077 1690 numeri
1097 1636 1126 1691 et
1146 1625 1256 1690 rubri·

133 1732 192 1774 coe
211 1709 395 1774 *titulorum
410 1733 445 1774 rc
470 1719 612 1774 etuntnr.
651 1710 752 1774 Tituli
766 1708 806 1775 de
820 1729 937 1775 aroene
959 1719 987 1775 et
1002 1708 1042 1773 de
1057 1712 1256 1775 testamentis
1266 1726 1306 1780 ¹1».
1324 1731 1374 1774 ssa.

133 1813 247 1878 regum
277 1795 315 1856 in
338 1802 427 1856 tentu
440 1731 530 1880 ienis
551 1795 687 1874 desunt,
716 1792 805 1858 tituli
824 1794 874 1858 90.
898 1795 937 1858 91
965 1801 1088 1878 (tentus
1109 1794 1170 1876 B),
1200 1797 1259 1880 qui

134 1880 172 1940 in
194 1877 303 1940 indice
329 1899 400 1940 una
422 1877 558 1942 rubrica
580 1878 907 1963 comprehenduntur,
933 1879 970 1942 in
998 1888 1086 1942 teutu
1107 1877 1189 1965 leqis
1211 1900 1256 1942 ae-

127 1970 312 2046 purantur.
359 1959 430 2034 Quo
444 1960 497 2042 fit,
519 1970 554 2026 ut
575 1971 682 2026 tantm
702 1961 784 2047 lenia
806 1963 844 2026 91
869 1961 979 2026 titulos
1001 1961 1125 2026 babeat.

218 2043 257 2126 2)
283 2043 415 2110 Oodcu
431 2044 465 2109 S.
483 2045 665 2110 Puuliin
680 2045 928 2124 Karintbia,
949 2043 1072 2110 saeculi
1085 2046 1142 2127 IX,
1165 2069 1256 2130 quem

132 2130 381 2212 descripserunt
408 2129 501 2192 Perta
530 2131 567 2192 in
596 2130 730 2193 ‘Archiv
759 2130 819 2193 der
840 2127 1057 2213 Gesellccbaft
1068 2128 1135 2213 fu‘r
1157 2130 1256 2193 cilterc

133 2213 284 2276 deutsche
315 2211 620 2277 Gescbicbtelcunde’
649 2213 719 2292 III,
782 2261 789 2276 .
820 2213 958 2293 78-81,
987 2213 1151 2294 Boretius,
1182 2213 1257 2278 ‘Die

137 2294 370 2380 Capitularien
385 2297 431 2358 im
444 2235 790 2382 Lanqobardenreicb'
812 2297 931 2379 (1864)
952 2318 987 2379 p.
1003 2296 1139 2360 29-32.
1176 2299 1257 2382 Leqi

135 2379 363 2444 Ribuariornm
393 2381 496 2444 inden
517 2381 560 2443 90
586 2381 797 2444 rubricarum
821 2381 1047 2463 praemittitur
1057 2390 1093 2442 ²⁰.
1139 2381 1257 2443 Tentus

132 2464 216 2550 lenis
238 2470 330 2547 (cum
350 2463 440 2528 tituli
460 2464 510 2528 90.
534 2473 563 2528 et
584 2465 635 2532 91,
664 2473 770 2527 tent-ns
791 2464 833 2543 B,
862 2486 942 2548 quos
969 2463 1072 2528 indere
1100 2485 1170 2526 una
1199 2486 1254 2526 ru·

133 2547 226 2612 brion
256 2547 508 2630 comprehendit,
540 2549 578 2611 in
607 2556 696 2612 tentu
723 2547 806 2632 leqia
833 2550 1046 2630 separentur)
1075 2545 1115 2608 91
1145 2545 1256 2611 titulos

134 2632 238 2696 babet.
281 2631 422 2695 Numeri
438 2641 533 2716 atque
548 2630 701 2696 rubricae
723 2631 893 2696 titulorum
914 2633 1054 2695 intentu
1069 2628 1255 2716 lenisrepe·

133 2725 259 2780 tantur.

219 2798 257 2879 3)
283 2799 416 2865 Codeu
447 2799 579 2863 Paris.
610 2798 682 2862 Lat.
709 2798 814 2864 9654
836 2795 931 2880 (olim
954 2797 1072 2882 Suppl.
1100 2795 1157 2860 lat.
1180 2799 1257 2879 75),

132 2883 260 2948 saeculi
281 2883 319 2946 X.
342 2883 391 2946 nel
411 2882 470 2963 XI,
514 2906 584 2947 uem
605 2882 782 2968 descripsit
805 2882 997 2962 Pardessue,
1020 2882 1092 2946 ‘Loi
1111 2880 1258 2968 Salique'

130 2989 167 3051 p.
190 2966 291 3030 XXV.
313 2966 431 3031 XXVI.
520 2967 556 3051 ai
571 2966 808 3048 Ribuariorum,
831 2989 914 3051 quae
928 2965 1257 3052 fct.135-143.ea-

134 3051 273 3128 bibetur,
297 3050 398 3115 indeu
420 3050 631 3114 rubricarum
653 3051 747 3120 deest.
795 3049 912 3115 Titulio
934 3050 1015 3136 leqia
1036 3073 1102 3113 non
1118 3052 1258 3129 numeri,

133 3134 192 3199 sed
207 3134 360 3198 rubricae
377 3134 621 3220 praeficentur,
669 3135 786 3198 Teutus
807 3133 890 3221 leqie
911 3137 945 3198 in
969 3133 1008 3198 97
1032 3132 1184 3196 rubricas
1206 3132 1256 3197 di·

134 3220 226 3282 niaus
249 3228 303 3281 est.

218 3303 257 3382 4)
283 3301 415 3367 Oodeoc
437 3303 579 3387 reqius
603 3301 865 3366 Haunianais
895 3300 1166 3364 collectionis
1190 3322 1254 3364 an·

133 3388 273 3471 tiquae
297 3384 478 3470 Gottorp.
503 3384 619 3465 1943,
642 3382 765 3448 saeculi
786 3384 842 3448 IX.
867 3384 915 3448 nel
936 3383 975 3463 X,
997 3406 1090 3530 inem
1112 3382 1257 3467 descrip-

132 3478 247 3535 serunt
268 3469 361 3532 Pente
381 3470 419 3532 in
442 3469 575 3533 ‘Arabio
598 3469 657 3531 der
672 3465 886 3552 Gerellsclcnft
898 3467 966 3551 fttr
987 3477 1086 3532 ittera
1107 3467 1256 3532 deutsche

134 3551 441 3618 Geocbicbtslcunde’
465 3553 534 3633 VII,
550 3575 587 3636 p.
613 3550 681 3616 156.
705 3551 777 3633 749,
801 3553 993 3632 Pardeseus,
1016 3551 1089 3616 ‘Lei
1110 3551 1255 3636 Solique'

128 3660 168 3722 p.
190 3636 313 3700 XLIII.
363 3636 444 3722 Leqi
472 3635 699 3700 Ribnnriorum
728 3636 832 3700 inden
852 3635 893 3699 93
922 3637 1131 3700 rubricarum
1154 3658 1253 3720 prae·

133 3722 285 3801 mittitur,
318 3723 373 3785 cui
400 3723 515 3785 insunt
541 3720 694 3784 rubricae
722 3718 762 3785 de
788 3741 906 3785 aroene
934 3729 964 3785 et
990 3717 1030 3783 de
1058 3720 1255 3785 testamentis

133 3825 257 3889 regum.
301 3805 341 3867 In
363 3814 452 3869 tcutu
473 3802 554 3889 leqis
570 3799 706 3868 ‘numeri
726 3813 822 3890 atque
844 3804 997 3869 rubricae
1018 3802 1186 3868 titulorum
1207 3827 1256 3867 re·

1 3955 2 3958 ,
159 3898 300 3954 etuntur.
346 3888 449 3954 Tituli
463 3886 503 3951 de
518 3908 634 3951 aroene
655 3897 684 3952 et
705 3886 745 3953 de
760 3888 960 3953 testamentis
973 3909 1007 3952 re
1031 3909 1085 3950 um
1108 3891 1145 3952 in
1166 3896 1255 3953 teutu

126 3913 831 4140 111191111111111011111011111118111
849 3909 1147 4120 131111119Ᾱὲ
1161 3970 1254 4118 ill

134 4140 252 4204 mentis
282 4161 316 4203 re
341 4140 377 4203 is.
430 4138 501 4213 Quo
523 4138 582 4221 fit,
614 4149 649 4203 nt
678 4149 782 4202 tentus
810 4133 892 4225 lenis
918 4138 958 4201 91
988 4147 1116 4202 tantum
1145 4137 1257 4202 titulos

135 4224 262 4289 babeat.
333 4225 479 4288 ibrarius
495 4233 600 4288 autem
616 4247 687 4287 cum
704 4232 781 4306 post
801 4221 931 4286 titulum
945 4220 996 4285 59.
1020 4222 1066 4286 ad
1087 4245 1256 4287 numerum

135 4401 182 4470 20)
201 4401 336 4453 Rubricae
355 4401 389 4453 de
409 4417 506 4453 aroene
528 4410 550 4453 et
571 4403 604 4454 de
623 4404 789 4456 testamentis
808 4419 901 4469 regum
921 4402 1025 4455 desunt.
