3110 5232
673 415 751 471 tux
767 413 954 471 ulutatus.

713 607 857 665 acono.
877 573 917 664 Ᾱ.

335 730 368 802 2.
394 727 435 802 Si
454 740 582 803 autem
602 728 688 827 quis
706 728 922 844 proximum
941 727 1139 828 sanguinis
1157 724 1397 821 interficerit,

233 827 320 902 vel
311 839 497 902 incestum
514 829 782 924 commisserit,
798 829 912 904 exilio
930 855 994 904 sus
996 829 1129 924 teniat,
1140 839 1178 902 et
1192 852 1326 902 omnes
1340 827 1396 902 ris

235 953 325 1004 suas
344 927 434 1004 fisco
455 943 686 1005 censeantur.

136 1051 225 1110 22⁵⁹·
765 1049 867 1122 LXX.

341 1173 373 1241 1.
417 1167 458 1240 Si
488 1167 572 1282 quis
597 1169 711 1242 homo
740 1167 890 1264 aligno
918 1193 988 1243 seu
1016 1192 1037 1239 a
1066 1164 1235 1281 quolibet
1265 1191 1397 1240 manu-

235 1267 364 1341 factile
397 1269 513 1342 fuerit
548 1269 788 1363 interfectus,
827 1293 901 1343 non
933 1268 1058 1343 solvat
1043 1280 1122 1363 tur5
1153 1266 1225 1340 nisi
1257 1269 1397 1340 fortem

238 1367 322 1466 quis
348 1381 542 1444 auctorem
569 1368 884 1444 interfectionis
875 1395 912 1442 ιιι
939 1393 1030 1444 usos
1051 1367 1225 1467 proprios
1246 1369 1398 1442 adsum·

236 1468 369 1570 pserit,
387 1482 478 1544 tunc
497 1472 637 1568 absque
656 1469 752 1543 frido
773 1469 972 1568 culpabilis
993 1470 1190 1543 iudicetur.

339 1573 374 1645 2
418 1570 459 1643 Si
478 1582 605 1645 autem
626 1571 710 1670 quis
729 1572 869 1645 fossam
889 1572 951 1645 vel
970 1581 1127 1670 puteum
1148 1569 1302 1664 fecerit,
1328 1593 1399 1642 seu

238 1670 373 1768 pedica
391 1671 452 1746 vel
473 1672 609 1746 balista
630 1673 779 1747 incaute
793 1672 976 1769 posuerit
995 1683 1033 1746 et
1047 1671 1186 1745 ibidem
1201 1669 1400 1744 hominem

238 1772 299 1844 vel
317 1797 434 1870 pecus
452 1773 707 1887 debilitaverit
734 1774 794 1846 vel
819 1772 1058 1866 interficerit,
1083 1795 1235 1846 omnem
1258 1794 1401 1886 conpo-

238 1871 435 1968 sitionem,
461 1873 560 1947 sicut
546 1875 639 1948 tlex
664 1874 829 1948 contenit
846 1873 1022 1949 Ribuaria
1035 1871 1274 1971 culpabilis
1303 1871 1402 1946 iudi-

241 1985 357 2046 cetur
393 1975 515 2047 Aut
485 1999 517 2047 ει
536 1975 745 2074 negaverit
765 1999 849 2047 cum
868 1929 1046 2074 legitimd
1063 1999 1220 2048 numero
1241 1972 1341 2046 iurit.

342 2078 376 2148 3.
415 2074 583 2162 Quodsi
609 2077 648 2148 in
674 2099 806 2172 sepem
834 2074 972 2149 animal
1001 2075 1241 2190 inpalaverit,
1270 2086 1307 2147 et
1325 2073 1401 2173 ipsi

240 2199 350 2274 sepes
377 2176 604 2251 mentonalis
622 2202 697 2249 non
716 2177 851 2270 luerit,
878 2177 1052 2251 dominus
1071 2177 1173 2275 sepis
1192 2175 1402 2249 interfecti·

241 2301 353 2351 onem
371 2301 439 2351 seu
460 2277 692 2352 debilitatem
712 2303 767 2351 rer
759 2231 987 2391 culpabilis
1008 2274 1230 2351 iudiceturt

344 2374 368 2458 *l
392 2390 480 2522 codep
500 2386 531 2439 11
554 2391 643 2444 ιιιιαιιι
666 2382 719 2439 aut
741 2377 768 2439 si
798 2376 973 2460 negaverit,
1002 2397 1072 2439 cum
1101 2373 1239 2457 legitimo
1263 2391 1400 2434 numero

390 2478 457 2520 rure

341 2526 612 2619 astantem
644 2547 750 2645 virga
778 2535 824 2621 de
852 2547 945 2621 foris
981 2572 1073 2646 sepe
1101 2547 1250 2619 incaute
1281 2542 1401 2617 missa

715 2792 858 2848 acono.
878 2776 920 2848 Β.

345 2911 375 2970 2.
419 2907 450 2969 Si
480 2915 585 2969 autem
616 2910 685 2990 quis
714 2911 890 2991 proximum
921 2910 1080 2994 sauguinis
1113 2909 1315 2981 interfecerit,
1349 2907 1406 2968 vel

240 2990 392 3054 incestum
417 2993 617 3066 commiserit,
641 2993 766 3056 exilium
790 2996 954 3069 sustineat,
967 3002 1008 3055 et
1030 3013 1140 3059 omnes
1163 3013 1215 3056 res
1239 2993 1304 3055 eius
1319 2990 1404 3054 fisco

242 3082 439 3139 censeantur

137 3167 230 3230 2259.
758 3163 883 3224 Lxxtt.

486 3265 538 3325 De
560 3263 723 3325 bomine
746 3285 764 3326 a
787 3265 897 3348 ligno
919 3263 1153 3326 interfecto.

348 3369 374 3430 l.
413 3365 442 3426 Si
464 3365 534 3447 quis
556 3366 654 3428 homo
678 3387 695 3429 a
718 3366 803 3446 ligno
822 3386 878 3428 seu
895 3366 1078 3465 aliquolibet
1094 3365 1300 3427 manufactile
1307 3321 1408 3427 suerit

239 3449 430 3521 interfectus,
455 3469 517 3511 non
541 3451 701 3526 solvatur;
723 3451 782 3512 nisi
804 3450 888 3513 forte
911 3451 980 3533 quis
996 3457 1157 3512 auctorem
1172 3447 1404 3511 interfectionis

240 3533 271 3593 in
294 3551 368 3593 usus
390 3535 537 3615 proprios
560 3497 780 3616 adsumpserit,
802 3542 875 3596 tunc
894 3537 1014 3616 absque
1028 3535 1119 3595 fredo
1136 3533 1298 3614 culpabilis
1312 3532 1407 3593 iudi-

242 3621 340 3678 cetur

347 3702 377 3764 2.
411 3699 443 3760 Si
466 3707 570 3762 autem
594 3701 663 3780 quis
685 3701 805 3765 fossam
829 3704 878 3763 vel
899 3709 1027 3784 puteum
1043 3702 1161 3776 fecerit,
1184 3721 1240 3762 seu
1256 3701 1406 3781 pedicam

241 3783 291 3845 vel
320 3783 479 3845 ballistam
507 3786 631 3846 incaute
657 3787 814 3865 posuerit,
844 3793 875 3848 et
904 3787 1019 3847 ibidem
1042 3786 1202 3848 hominem
1225 3784 1276 3846 vel
1304 3803 1405 3868 pecus

242 3867 451 3930 debilitaverit
479 3870 529 3931 vel
557 3868 757 3943 interfecerit,
780 3889 873 3931 omne
896 3870 1122 3950 conpositione,
1146 3870 1225 3932 sicut
1245 3868 1297 3930 lex
1319 3887 1404 3929 con-

241 3953 318 4015 tinet
351 3952 517 4026 Ribuaria‚
552 3953 714 4034 culpabilis
746 3916 909 4016 iudicetur.
961 3955 1023 4015 Aut
1055 3955 1081 4014 si
1113 3953 1297 4034 negaverit,
1331 3971 1404 4014 cum

241 4037 379 4120 legitimo
402 4057 536 4101 numero
559 4037 648 4100 iuret.

347 4124 377 4188 3.
415 4121 556 4196 Quod
531 4142 557 4182 si
576 4122 608 4182 in
631 4140 759 4202 saepem
783 4122 900 4184 animal
921 4121 1117 4202 inpalaverit,
1144 4120 1266 4201 etipsa
1288 4137 1404 4202 saepes

242 4206 429 4269 mentonalis
452 4226 515 4268 non
537 4205 639 4280 suerit,
663 4206 808 4267 dominus
831 4205 935 4287 saepis
958 4206 1183 4267 interfectionis
1206 4223 1263 4266 seu
1287 4204 1405 4266 debili-

243 4291 314 4351 tatis
336 4309 408 4352 reus
432 4289 594 4370 culpabilis
616 4255 780 4352 iddicetur.

347 4377 377 4439 4.
414 4374 444 4435 Si
467 4382 571 4436 autem
594 4374 681 4455 virga
705 4375 745 4435 de
767 4373 844 4435 soris
867 4392 964 4454 saepe
984 4375 1107 4436 incaute
1135 4373 1231 4435 missa
1253 4371 1350 4433 fuerit
1372 4377 1405 4433 et
