3110 5232
590 437 667 495 LEX
687 438 875 497 utentum.

631 630 774 686 acone.
795 612 834 687 Α.

639 731 824 807 LXXXIX.

253 853 332 926 Nec
370 851 494 925 nullus
532 849 644 925 iudex
681 849 819 927 fiscalis
862 854 909 927 de
945 877 1183 951 quacumque
1218 852 1312 928 libet

154 977 268 1027 causa
287 952 384 1026 freta
403 976 478 1027 non
498 950 638 1051 exigat,
658 953 876 1052 priusquam
896 953 1045 1028 facinus
1065 965 1310 1052 conponatur.

153 1053 194 1127 Si
228 1052 312 1151 quis
345 1063 472 1127 autem
508 1077 577 1151 per
612 1053 860 1151 cupiditatem
895 1054 1009 1129 istam
1049 1064 1311 1153 transgressus

152 1154 285 1250 fuerit,
319 1152 469 1253 legibus
498 1165 745 1252 conponatur.
797 1155 950 1229 Fretum
983 1166 1111 1229 autem
1145 1179 1220 1228 non
1253 1155 1310 1228 illi

152 1254 267 1328 iudici
293 1254 445 1351 tribuat⁷
465 1254 524 1328 cui
545 1255 656 1352 culpa
682 1255 895 1352 commisit3
923 1257 989 1330 sed
1016 1254 1086 1351 illi,
1114 1255 1178 1355 qui
1212 1256 1312 1330 solu-

154 1354 302 1430 cionem
334 1354 480 1454 recipit‚
513 1355 668 1431 terciam
700 1368 846 1454 partem
875 1380 1002 1431 coram
1029 1357 1190 1431 testibus
1216 1356 1310 1431 fisco

152 1456 304 1552 tribuat,
324 1469 365 1530 ut
381 1481 454 1555 pax
474 1469 655 1556 perpetua
675 1457 821 1532 stabilis
840 1469 1071 1556 permaneat.

151 1575 368 1648 EXPLICIT
394 1575 485 1649 LEX
511 1575 744 1651 RIBUARIA.
784 1573 882 1649 DEO
909 1575 1123 1650 GRATIAS.
1167 1575 1310 1649 AMEN.

628 1822 652 1875 r
670 1821 771 1879 corn.
789 1806 832 1877 B.

690 1919 770 1984 XCI.

194 2023 238 2088 Ut
258 2024 413 2086 iudices
436 2022 518 2085 sive
540 2023 647 2086 missi
668 2023 828 2087 fiscales
851 2023 966 2086 freda
989 2043 1069 2085 non
1093 2024 1275 2108 exigant,

376 2106 611 2190 priusquam
634 2107 791 2169 facinus
815 2113 1079 2188 conponatur.

153 2235 160 2247 ’
253 2213 335 2287 Ηοο
360 2235 511 2310 quoque
534 2210 718 2308 iubemus,
746 2222 787 2284 ut
813 2211 958 2286 iudices
985 2236 1100 2309 supra
1126 2212 1310 2286 nominati

151 2312 232 2386 sive
258 2311 406 2386 fiscales
437 2329 477 2389 de
507 2345 702 2409 quacumque
732 2327 808 2390 libet
835 2347 930 2390 causa
956 2327 1050 2390 freda
1080 2347 1143 2390 non
1175 2329 1310 2409 exigent,

151 2410 334 2492 priusquam
364 2411 484 2474 facinus
508 2419 712 2492 conponatur.
756 2411 788 2472 Si
810 2411 879 2493 quis
902 2419 1006 2473 autem
1029 2431 1087 2492 per
1109 2412 1311 2492 cupiditatem

151 2497 213 2557 ista
234 2501 451 2577 transgressus
473 2495 578 2566 suerit,
600 2495 720 2578 iegibus
737 2504 943 2572 conponatur.
976 2496 1111 2557 Fredum
1127 2503 1230 2557 autem
1247 2516 1325 2558 uon·

153 2577 194 2640 iIIi
216 2578 311 2641 iudici
331 2579 460 2653 tribuat,
482 2581 530 2640 cui
554 2578 675 2660 culpam
700 2578 869 2656 commisit;
893 2580 947 2641 sed
970 2579 1024 2653 illi,
1048 2579 1100 2660 qui
1123 2579 1310 2642 solutionem

153 2663 272 2744 recipit,
301 2662 427 2725 tertiam
456 2671 579 2745 partem
610 2682 717 2725 coram
747 2663 879 2727 testibus
908 2664 987 2726 fisco
1018 2663 1152 2737 tribuat,
1185 2673 1218 2726 ut
1248 2684 1310 2745 pax

154 2756 307 2828 perpetua
329 2747 449 2810 stabilis
472 2753 666 2827 permaneat.

435 2830 618 2894 EXPLICIT
639 2831 722 2892 LEX
744 2829 1023 2894 RIBUARIORUM.

627 2993 845 3003 ...φα-

535 3129 925 3242 conuiuuuuuu.

229 3272 325 3327 Titulus
348 3269 394 3326 25.
420 3273 484 3340 lepte
503 3271 647 3325 Itttuura'ue
672 3273 814 3325 secundum
837 3274 939 3325 tectum
958 3269 994 3338 A,
1021 3283 1095 3339 quem
1119 3272 1204 3336 edidi,
1232 3284 1300 3324 com·

152 3348 307 3412 portaerem
327 3343 343 3395 6
363 3345 516 3413 solidorum,
536 3359 590 3398 nen
610 3343 626 3397 5
645 3345 789 3398 calidorum
814 3343 900 3397 tabet.
940 3341 1098 3411 Cornpoattr'o
1119 3341 1135 3395 5
1154 3345 1307 3410 solidorum,

155 3434 231 3488 quam
251 3423 338 3472 tectus
357 3417 381 3470 B
400 3422 427 3471 ct
445 3418 522 3472 codd.
537 3415 650 3470 ,re-4.
670 3416 696 3468 6.
716 3416 742 3470 7.
762 3417 787 3470 9.
810 3417 853 3470 10.
872 3416 977 3479 tutent,
1000 3420 1094 3482 postea
1117 3419 1225 3470 inducta
1248 3430 1308 3470 ecce

154 3493 266 3546 ridetur.
298 3491 428 3546 Mutanda
446 3494 525 3560 tpttur
538 3495 622 3558 crum,
642 3504 710 3558 quoe
726 3506 753 3557 p.
769 3488 801 3542 15
821 3493 864 3557 (ς.
885 3488 919 3554 7)
945 3491 1066 3544 discerni.
1110 3490 1189 3544 Solus
1214 3493 1251 3544 tit.
1271 3487 1309 3540 24

155 3567 217 3633 (qui
239 3567 451 3632 compositionem
472 3563 588 3618 Salicum
611 3563 667 3630 ²'Ie
690 3564 833 3618 solidorum
858 3562 952 3628 tabet)
974 3567 1069 3631 postea
1095 3566 1148 3632 lept'
1165 3563 1309 3617 Rtbuarr'ae

156 3638 261 3692 additus
281 3652 340 3692 ecre
357 3638 470 3691 uidetur.
