3110 5232
666 423 742 480 LEX
760 422 947 482 alcusam.

705 619 728 672 r
747 618 849 674 conr.
868 601 909 674 Α.

127 768 150 811 r·
165 739 347 813 naturum
374 738 435 812 vel
467 748 615 835 septem
646 738 769 812 noctis
802 750 1084 813 sacramentum
1115 763 1226 814 suurn
1259 763 1390 814 coram

227 840 387 913 testibus
410 838 557 935 offerat,
580 849 618 912 et
632 839 829 913 coniurare
844 842 1007 938 studeat,
1033 850 1071 914 et
1085 840 1268 1008 deinceps
1283 840 1390 914 inno·

227 965 316 1014 cens
335 941 529 1013 habeatur.

326 1043 360 1112 4.
398 1039 464 1112 Sin
485 1050 612 1112 autem
630 1065 705 1113 non
726 1040 1003 1140 adimpleverit
1022 1065 1175 1140 omnem
1190 1041 1388 1140 repetitio·
1421 1045 1424 1050 ’

224 1165 311 1215 nem
332 1166 417 1215 cum
436 1139 535 1239 legis
554 1139 760 1215 beneficius
779 1142 965 1216 restituat

326 1245 360 1316 5.
406 1240 446 1314 Si
474 1242 558 1356 quis
586 1267 653 1339 pro
680 1242 868 1316 hereditat
854 1253 930 1315 tem
961 1243 1023 1315 vel
1051 1267 1118 1340 pro
1147 1242 1386 1340 genuitatem

226 1353 371 1416 certare
405 1342 575 1440 coeperit
604 1355 692 1439 post
723 1344 824 1416 malo
854 1343 985 1417 ordine
1019 1367 1105 1417 cum
1137 1345 1160 1416 6
1192 1343 1230 1415 in
1266 1343 1388 1436 ecele-

225 1443 283 1517 sia
309 1443 524 1538 coniurata,
558 1444 719 1518 canit
753 1446 798 1517 ad
831 1441 958 1518 stafflo
991 1444 1094 1542 regis
1127 1443 1164 1516 in
1197 1444 1317 1517 circlo
1350 1453 1388 1517 et

225 1544 263 1616 in
302 1545 443 1618 collore
477 1569 562 1617 cum
594 1546 794 1619 verborum
831 1545 1152 1641 contemplatione
1184 1545 1387 1618 coniurare

224 1647 384 1720 studeat.
430 1644 472 1718 Si
505 1671 578 1719 non
606 1645 870 1744 adimpleverit
881 1671 895 1742 ,·
920 1670 1006 1718 cum
1034 1645 1131 1744 legis
1156 1645 1387 1720 beneficium

223 1746 406 1820 restituat.
456 1749 532 1819 Aut
555 1745 585 1819 si
610 1746 693 1844 quis
722 1772 809 1820 eum
838 1757 969 1820 contra
994 1747 1179 1844 prendere
1208 1746 1387 1841 voluerit,

224 1859 289 1920 aut
314 1871 399 1920 cum
427 1871 532 1920 arma
557 1870 626 1919 sua
651 1873 673 1920 a
698 1873 740 1921 se
767 1849 964 1921 defensare
982 1847 1147 1922 voluerit
1172 1859 1260 1922 ante
1280 1872 1386 1946 rege,

223 1958 289 2020 aut
302 1970 452 2020 omnem
467 1946 733 2044 repetitionem
746 1973 832 2021 curn
845 1948 943 2047 legis
959 1947 1182 2023 heneficium
1198 1950 1385 2023 restituat.

329 2174 359 2240 l.
405 2165 446 2240 Si
471 2166 554 2264 quis
581 2167 618 2238 in
646 2066 915 2266 capullxllelllin
946 2192 1183 2282 quacumque
1211 2170 1384 2243 membro

224 2268 402 2382 plagatus
435 2268 568 2362 luerit,
601 2279 638 2342 et
670 2294 781 2343 ossus
814 2268 947 2342 exinde
983 2268 1138 2382 exierit,
1169 2269 1233 2369 qui
1269 2293 1386 2367 super

125 2411 130 2420 ·
222 2368 322 2441 viam
362 2373 405 2444 12
442 2370 674 2467 pedorum
665 2396 702 2443 m
740 2381 847 2444 scuto
893 2370 1107 2460 sonaverit,
1155 2373 1201 2446 36
1237 2371 1384 2445 solidos

222 2469 400 2544 lactus
366 2493 401 2543 cr
422 2471 621 2568 culpabilis
641 2471 838 2544 iudicetur.

709 2719 731 2770 n
750 2716 852 2772 cono.
871 2701 914 2772 B.

104 2850 146 2908 *a
161 2833 422 2906 annuntiaverit,
444 2833 521 2913 ipse,
545 2833 617 2913 *qui
640 2833 766 2912 placuit,
797 2842 870 2895 ante
892 2854 1007 2896 annum
1030 2836 1207 2897 revolutum
1230 2835 1279 2895 vel
1304 2853 1382 2914 sep-

221 2926 284 2979 tem
314 2925 422 2978 noctes
446 2924 675 2979 sacramentnm
700 2937 790 2979 suum
814 2935 922 2979 coram
946 2920 1075 2980 testibus
1099 2918 1223 2990 offerat,
1246 2924 1277 2979 et
1299 2937 1382 2980 con-

220 3002 327 3062 iurare
348 3003 485 3074 studeat,
509 3008 540 3062 et
561 3001 709 3080 deinceps
731 3001 881 3064 innocens
903 3003 1069 3066 habeatur.

326 3089 355 3150 4.
400 3085 432 3147 Si
455 3093 558 3147 autem
581 3104 643 3146 non
667 3085 894 3166 adimpleverit,
918 3107 1043 3148 onmem
1066 3086 1284 3167 repetitionem
1310 3105 1381 3148 curn

220 3170 297 3251 legis
319 3169 473 3231 beneficio
496 3170 649 3232 restituat.

325 3260 354 3318 5.
398 3255 429 3316 Si
462 3254 531 3334 quis
566 3273 623 3334 pro
656 3253 834 3315 hereditate
865 3254 913 3314 vel
942 3275 1000 3334 pro
1034 3255 1225 3336 ingenuitate
1259 3261 1381 3316 certare

220 3338 361 3418 coeperit
383 3344 455 3419 post
474 3337 557 3399 malo
581 3337 701 3411 ordine,
725 3357 793 3399 cum
817 3341 836 3403 6
858 3338 889 3398 in
913 3339 1044 3400 ecclesia
1067 3339 1219 3408 coniuret,
1246 3357 1315 3399 cum
1342 3340 1380 3403 12

221 3440 261 3500 ad
284 3440 461 3520 stapputum
485 3439 568 3520 regis
590 3439 621 3501 in
645 3439 759 3501 circulo
783 3447 813 3500 et
835 3427 872 3497 in
890 3425 1011 3522 hasla,
1029 3426 1103 3498 hoc
1123 3436 1182 3498 est
1201 3424 1240 3496 in
1258 3447 1379 3518 ramo,

220 3543 290 3584 cnm
320 3525 489 3585 verborum
517 3523 782 3604 contemplatione
811 3522 979 3586 coniurare
1002 3525 1134 3585 studeat.
1178 3522 1208 3583 Si
1231 3541 1296 3582 non
1318 3524 1380 3584 ad-

218 3606 409 3687 impleverit,
444 3626 512 3667 cum
545 3608 621 3689 legis
654 3607 809 3668 beneficio
841 3607 994 3670 restituat.
1050 3609 1112 3668 Ant
1144 3607 1171 3668 si
1204 3605 1272 3687 quis
1308 3625 1379 3668 curn

219 3699 328 3752 contra
351 3693 506 3770 prendere
529 3691 672 3761 volucrit,
697 3699 749 3752 aut
771 3711 839 3752 cum
861 3691 958 3753 armis
982 3691 1044 3754 suis
1068 3711 1102 3754 sc
1125 3690 1292 3752 defensare
1308 3696 1379 3751 stu-

219 3777 293 3837 deat
321 3785 394 3836 ante
416 3793 533 3856 regem,
566 3782 620 3836 aut
643 3793 768 3835 omnem
790 3775 1010 3856 repetitionem
1033 3795 1101 3838 cum
1125 3775 1199 3857 legis
1222 3774 1377 3836 beneficio

217 3860 371 3922 restituat.

747 3942 845 4005 LXX.

217 4048 269 4108 De
300 4064 393 4109 osse
422 4065 537 4126 super
566 4045 666 4108 viam
696 4051 880 4144 sonante,
910 4047 970 4106 vel
997 4048 1145 4126 absque
1169 4045 1378 4107 cllusione

688 4149 905 4212 sanguinis.

324 4236 351 4298 l·
389 4232 419 4292 Si
448 4231 517 4312 quis
540 4232 570 4291 in
597 4231 699 4312 capite
724 4231 771 4292 vel
791 4232 821 4291 in
845 4251 1043 4312 quocumque
1066 4233 1207 4293 membro
1235 4230 1377 4312 plagatus

216 4315 325 4388 luerit,
356 4323 387 4376 et
414 4336 451 4378 us
479 4315 591 4376 exinde
625 4315 750 4388 exierit,
785 4317 869 4395 quod
905 4318 929 4378 si
959 4335 1055 4396 super
1083 4317 1165 4378 viam
1200 4317 1238 4380 12
1262 4316 1378 4395 pedum

214 4399 246 4460 in
270 4406 358 4462 scuto
381 4399 520 4461 iactum
543 4400 714 4473 sonaverit,
736 4401 776 4466 36
800 4400 909 4462 solidis
932 4401 1032 4462 factus
1056 4401 1084 4461 ei
1108 4398 1270 4480 culpabilis
1293 4398 1378 4458 iudi-

216 4493 313 4547 cetur.
