<?xml version="1.0" encoding="UTF-8"?>
<!DOCTYPE html PUBLIC "-//W3C//DTD XHTML 1.0 Transitional//EN"
    "http://www.w3.org/TR/xhtml1/DTD/xhtml1-transitional.dtd">
<html xmlns="http://www.w3.org/1999/xhtml" xml:lang="en" lang="en">
 <head>
  <title>
</title>
<meta http-equiv="Content-Type" content="text/html;charset=utf-8" />
  <meta name='ocr-system' content='tesseract 3.04.00' />
  <meta name='ocr-capabilities' content='ocr_page ocr_carea ocr_par ocr_line ocrx_word'/>
</head>
<body>
  <div class='ocr_page' id='page_1' title='image "./lexribuariaetle00sohmgoog/lexribuariaetle00sohmgoog_0026.png"; bbox 0 0 3090 5258; ppageno 0'>
   <div class='ocr_carea' id='block_1_1' title="bbox 325 483 1025 540">
    <p class='ocr_par' dir='ltr' id='par_1_1' title="bbox 325 483 1025 540">
     <span class='ocr_line' id='line_1_1' title="bbox 325 483 1025 540; baseline -0.003 0"><span class='ocrx_word' id='word_1_1' title='bbox 325 486 359 540; x_wconf 84' lang='lat'><em>18</em></span> <span class='ocrx_word' id='word_1_2' title='bbox 744 483 821 540; x_wconf 83' lang='lat' dir='ltr'><em>LEX</em></span> <span class='ocrx_word' id='word_1_3' title='bbox 839 483 1025 540; x_wconf 80' lang='lat' dir='ltr'><strong>RlBUARlA.</strong></span> 
     </span>
    </p>
   </div>
   <div class='ocr_carea' id='block_1_2' title="bbox 203 656 1540 2246">
    <p class='ocr_par' dir='ltr' id='par_1_2' title="bbox 203 656 1444 1911">
     <span class='ocr_line' id='line_1_2' title="bbox 322 656 1440 754; baseline -0.002 -34"><span class='ocrx_word' id='word_1_4' title='bbox 322 679 426 722; x_wconf 89' lang='lat' dir='ltr'><em>serrao</em></span> <span class='ocrx_word' id='word_1_5' title='bbox 442 658 486 721; x_wconf 90' lang='lat' dir='ltr'><em>ad</em></span> <span class='ocrx_word' id='word_1_6' title='bbox 501 657 642 722; x_wconf 89' lang='lat' dir='ltr'><em>Latinae</em></span> <span class='ocrx_word' id='word_1_7' title='bbox 656 660 891 743; x_wconf 74' lang='lat' dir='ltr'><em>prornrnaticae</em></span> <span class='ocrx_word' id='word_1_8' title='bbox 906 677 1049 734; x_wconf 81' lang='lat' dir='ltr'><em>normas,</em></span> <span class='ocrx_word' id='word_1_9' title='bbox 1069 664 1227 754; x_wconf 64' lang='lat' dir='ltr'><em>quantun</em></span> <span class='ocrx_word' id='word_1_10' title='bbox 1235 656 1317 737; x_wconf 78' lang='lat' dir='ltr'><em>fieri</em></span> <span class='ocrx_word' id='word_1_11' title='bbox 1326 665 1440 741; x_wconf 85' lang='lat' dir='ltr'><em>potest,</em></span> 
     </span>
     <span class='ocr_line' id='line_1_3' title="bbox 324 739 1440 827; baseline 0 -23"><span class='ocrx_word' id='word_1_12' title='bbox 324 741 516 827; x_wconf 85' lang='lat' dir='ltr'><em>adaptatur.</em></span> <span class='ocrx_word' id='word_1_13' title='bbox 561 741 780 806; x_wconf 84' lang='lat' dir='ltr'><em>Numerorurn</em></span> <span class='ocrx_word' id='word_1_14' title='bbox 802 742 908 826; x_wconf 70' lang='lat' dir='ltr'><em>siquis</em></span> <span class='ocrx_word' id='word_1_15' title='bbox 929 747 1101 822; x_wconf 79' lang='lat' dir='ltr'><em>usurpatio</em></span> <span class='ocrx_word' id='word_1_16' title='bbox 1126 745 1180 820; x_wconf 92' lang='lat' dir='ltr'><em>(ut</em></span> <span class='ocrx_word' id='word_1_17' title='bbox 1200 761 1345 804; x_wconf 85' lang='lat' dir='ltr'><em>summae</em></span> <span class='ocrx_word' id='word_1_18' title='bbox 1366 739 1440 804; x_wconf 85' lang='lat' dir='ltr'><em>soli·</em></span> 
     </span>
     <span class='ocr_line' id='line_1_4' title="bbox 324 821 1440 909; baseline 0 -21"><span class='ocrx_word' id='word_1_19' title='bbox 324 825 440 888; x_wconf 89' lang='lat' dir='ltr'><em>dorurn</em></span> <span class='ocrx_word' id='word_1_20' title='bbox 463 828 718 909; x_wconf 69' lang='lat' dir='ltr'><em>enprinrnntw),</em></span> <span class='ocrx_word' id='word_1_21' title='bbox 745 824 874 888; x_wconf 82' lang='lat' dir='ltr'><em>numeri</em></span> <span class='ocrx_word' id='word_1_22' title='bbox 895 822 1096 887; x_wconf 88' lang='lat' dir='ltr'><em>distributioi</em></span> <span class='ocrx_word' id='word_1_23' title='bbox 1118 821 1283 907; x_wconf 83' lang='lat' dir='ltr'><em>duplicati</em></span> <span class='ocrx_word' id='word_1_24' title='bbox 1303 832 1363 886; x_wconf 87' lang='lat' dir='ltr'><em>aut</em></span> <span class='ocrx_word' id='word_1_25' title='bbox 1383 823 1440 888; x_wconf 80' lang='lat' dir='ltr'><em>ra·-</em></span> 
     </span>
     <span class='ocr_line' id='line_1_5' title="bbox 317 906 1441 993; baseline 0 -23"><span class='ocrx_word' id='word_1_26' title='bbox 317 907 441 993; x_wconf 86' lang='lat' dir='ltr'><em>pbicati</em></span> <span class='ocrx_word' id='word_1_27' title='bbox 464 931 485 971; x_wconf 88' lang='lat' dir='ltr'><em>a</em></span> <span class='ocrx_word' id='word_1_28' title='bbox 507 918 594 972; x_wconf 79' lang='lat' dir='ltr'><em>teratu</em></span> <span class='ocrx_word' id='word_1_29' title='bbox 618 909 648 971; x_wconf 90' lang='grc' dir='ltr'><em>Β</em></span> <span class='ocrx_word' id='word_1_30' title='bbox 670 917 882 973; x_wconf 75' lang='lat' dir='ltr'><em>removentur.</em></span> <span class='ocrx_word' id='word_1_31' title='bbox 927 908 1043 971; x_wconf 81' lang='lat' dir='ltr'><em>Teutui</em></span> <span class='ocrx_word' id='word_1_32' title='bbox 1064 906 1146 990; x_wconf 77' lang='lat' dir='ltr'><em>lepis</em></span> <span class='ocrx_word' id='word_1_33' title='bbox 1171 908 1273 970; x_wconf 84' lang='lat' dir='ltr'><em>indere</em></span> <span class='ocrx_word' id='word_1_34' title='bbox 1294 906 1441 970; x_wconf 76' lang='lat' dir='ltr'><em>rubrica</em></span> 
     </span>
     <span class='ocr_line' id='line_1_6' title="bbox 323 990 1443 1076; baseline 0.002 -24"><span class='ocrx_word' id='word_1_35' title='bbox 323 1015 394 1056; x_wconf 78' lang='lat' dir='ltr'><em>runt</em></span> <span class='ocrx_word' id='word_1_36' title='bbox 418 993 653 1076; x_wconf 78' lang='lat' dir='ltr'><em>praemittitur.</em></span> <span class='ocrx_word' id='word_1_37' title='bbox 708 992 749 1054; x_wconf 90' lang='lat' dir='ltr'><em>Iu</em></span> <span class='ocrx_word' id='word_1_38' title='bbox 780 1000 870 1054; x_wconf 83' lang='lat' dir='ltr'><em>teratu</em></span> <span class='ocrx_word' id='word_1_39' title='bbox 897 991 970 1074; x_wconf 89' lang='lat' dir='ltr'><em>ipso</em></span> <span class='ocrx_word' id='word_1_40' title='bbox 1003 992 1132 1054; x_wconf 85' lang='lat' dir='ltr'><em>numeri</em></span> <span class='ocrx_word' id='word_1_41' title='bbox 1164 998 1259 1076; x_wconf 80' lang='lat' dir='ltr'><em>atque</em></span> <span class='ocrx_word' id='word_1_42' title='bbox 1292 990 1443 1055; x_wconf 72' lang='lat' dir='ltr'><strong><em>rubricae</em></strong></span> 
     </span>
     <span class='ocr_line' id='line_1_7' title="bbox 321 1074 1442 1160; baseline 0.001 -25"><span class='ocrx_word' id='word_1_43' title='bbox 321 1075 490 1139; x_wconf 84' lang='lat' dir='ltr'><em>titnbornrn</em></span> <span class='ocrx_word' id='word_1_44' title='bbox 521 1084 723 1160; x_wconf 84' lang='lat' dir='ltr'><em>repetuntur.</em></span> <span class='ocrx_word' id='word_1_45' title='bbox 779 1074 879 1139; x_wconf 77' lang='lat' dir='ltr'><em>Tituli</em></span> <span class='ocrx_word' id='word_1_46' title='bbox 917 1076 954 1138; x_wconf 91' lang='lat' dir='ltr'><em>in</em></span> <span class='ocrx_word' id='word_1_47' title='bbox 991 1076 1106 1158; x_wconf 87' lang='lat' dir='ltr'><em>capita</em></span> <span class='ocrx_word' id='word_1_48' title='bbox 1137 1074 1346 1140; x_wconf 79' lang='lat' dir='ltr'><em>dividuntur,</em></span> <span class='ocrx_word' id='word_1_49' title='bbox 1401 1074 1442 1136; x_wconf 88' lang='lat' dir='ltr'><em>In</em></span> 
     </span>
     <span class='ocr_line' id='line_1_8' title="bbox 320 1158 1441 1241; baseline 0.001 -22"><span class='ocrx_word' id='word_1_50' title='bbox 320 1161 562 1223; x_wconf 73' lang='lat' dir='ltr'><em>enumeratione</em></span> <span class='ocrx_word' id='word_1_51' title='bbox 584 1159 754 1224; x_wconf 82' lang='lat' dir='ltr'><em>titulorum</em></span> <span class='ocrx_word' id='word_1_52' title='bbox 776 1159 901 1222; x_wconf 84' lang='lat' dir='ltr'><em>codices</em></span> <span class='ocrx_word' id='word_1_53' title='bbox 924 1158 956 1219; x_wconf 97' lang='grc' dir='ltr'><em>Β</em></span> <span class='ocrx_word' id='word_1_54' title='bbox 976 1160 1117 1221; x_wconf 83' lang='lat' dir='ltr'><em>manime</em></span> <span class='ocrx_word' id='word_1_55' title='bbox 1138 1158 1226 1220; x_wconf 90' lang='lat' dir='ltr'><em>inter</em></span> <span class='ocrx_word' id='word_1_56' title='bbox 1246 1179 1279 1220; x_wconf 93' lang='lat' dir='ltr'><em>se</em></span> <span class='ocrx_word' id='word_1_57' title='bbox 1301 1180 1441 1241; x_wconf 77' lang='lat' dir='ltr'><em>conpra-</em></span> 
     </span>
     <span class='ocr_line' id='line_1_9' title="bbox 258 1238 1442 1328; baseline 0.002 -25"><span class='ocrx_word' id='word_1_58' title='bbox 258 1269 263 1280; x_wconf 91' lang='lat'>·</span> <span class='ocrx_word' id='word_1_59' title='bbox 321 1251 390 1308; x_wconf 89' lang='lat' dir='ltr'><em>unt.</em></span> <span class='ocrx_word' id='word_1_60' title='bbox 437 1243 555 1306; x_wconf 84' lang='lat' dir='ltr'><em>Teutas</em></span> <span class='ocrx_word' id='word_1_61' title='bbox 584 1241 666 1328; x_wconf 75' lang='lat' dir='ltr'><em>lepis</em></span> <span class='ocrx_word' id='word_1_62' title='bbox 693 1246 729 1306; x_wconf 93' lang='lat' dir='ltr'><em>in</em></span> <span class='ocrx_word' id='word_1_63' title='bbox 758 1243 946 1326; x_wconf 74' lang='lat' dir='ltr'><em>nonapinta</em></span> <span class='ocrx_word' id='word_1_64' title='bbox 966 1264 1070 1304; x_wconf 83' lang='lat' dir='ltr'><em>unum</em></span> <span class='ocrx_word' id='word_1_65' title='bbox 1091 1238 1201 1305; x_wconf 84' lang='lat' dir='ltr'><em>titulos</em></span> <span class='ocrx_word' id='word_1_66' title='bbox 1225 1241 1334 1306; x_wconf 89' lang='lat' dir='ltr'><em>dividi</em></span> <span class='ocrx_word' id='word_1_67' title='bbox 1355 1240 1442 1305; x_wconf 84' lang='lat' dir='ltr'><em>sobet.</em></span> 
     </span>
     <span class='ocr_line' id='line_1_10' title="bbox 203 1324 1443 1411; baseline 0.002 -28"><span class='ocrx_word' id='word_1_68' title='bbox 203 1339 243 1394; x_wconf 68' lang='lat'><em>⁸9.</em></span> <span class='ocrx_word' id='word_1_69' title='bbox 260 1343 310 1384; x_wconf 79' lang='lat'><strong>195.</strong></span> <span class='ocrx_word' id='word_1_70' title='bbox 321 1326 433 1389; x_wconf 84' lang='lat' dir='ltr'><em>Editio</em></span> <span class='ocrx_word' id='word_1_71' title='bbox 455 1324 642 1389; x_wconf 86' lang='lat' dir='ltr'><em>Heroidina</em></span> <span class='ocrx_word' id='word_1_72' title='bbox 665 1326 778 1411; x_wconf 78' lang='lat' dir='ltr'><em>ipitur,</em></span> <span class='ocrx_word' id='word_1_73' title='bbox 801 1328 838 1389; x_wconf 92' lang='lat' dir='ltr'><em>in</em></span> <span class='ocrx_word' id='word_1_74' title='bbox 866 1325 925 1387; x_wconf 81' lang='lat'><em>*91</em></span> <span class='ocrx_word' id='word_1_75' title='bbox 949 1324 1059 1389; x_wconf 86' lang='lat' dir='ltr'><em>titulos</em></span> <span class='ocrx_word' id='word_1_76' title='bbox 1081 1324 1201 1404; x_wconf 84' lang='lat' dir='ltr'><em>diuisa,</em></span> <span class='ocrx_word' id='word_1_77' title='bbox 1230 1347 1331 1409; x_wconf 81' lang='lat' dir='ltr'><em>quarn</em></span> <span class='ocrx_word' id='word_1_78' title='bbox 1352 1325 1443 1388; x_wconf 78' lang='lat' dir='ltr'><em>Perta</em></span> 
     </span>
     <span class='ocr_line' id='line_1_11' title="bbox 322 1406 1443 1494; baseline -0.001 -23"><span class='ocrx_word' id='word_1_79' title='bbox 322 1409 474 1490; x_wconf 87' lang='lat' dir='ltr'><em>(‘Arcbiu</em></span> <span class='ocrx_word' id='word_1_80' title='bbox 490 1409 548 1472; x_wconf 92' lang='lat' dir='ltr'><em>der</em></span> <span class='ocrx_word' id='word_1_81' title='bbox 560 1407 844 1494; x_wconf 77' lang='lat' dir='ltr'><em>Gesebiscbaftfitr</em></span> <span class='ocrx_word' id='word_1_82' title='bbox 858 1408 957 1471; x_wconf 86' lang='lat' dir='ltr'><em>ttbtere</em></span> <span class='ocrx_word' id='word_1_83' title='bbox 972 1409 1121 1472; x_wconf 73' lang='lat' dir='ltr'><em>deutsche</em></span> <span class='ocrx_word' id='word_1_84' title='bbox 1134 1406 1443 1472; x_wconf 77' lang='lat' dir='ltr'><em>Gescbicbtsbunde&#39;</em></span> 
     </span>
     <span class='ocr_line' id='line_1_12' title="bbox 328 1489 1443 1577; baseline -0.002 -21"><span class='ocrx_word' id='word_1_85' title='bbox 328 1493 397 1572; x_wconf 83' lang='lat' dir='ltr'><em>VII,</em></span> <span class='ocrx_word' id='word_1_86' title='bbox 422 1492 513 1573; x_wconf 84' lang='lat'><strong>1839,</strong></span> <span class='ocrx_word' id='word_1_87' title='bbox 533 1515 569 1575; x_wconf 87' lang='lat' dir='ltr'><em>p.</em></span> <span class='ocrx_word' id='word_1_88' title='bbox 592 1493 671 1572; x_wconf 74' lang='lat'><em>751)</em></span> <span class='ocrx_word' id='word_1_89' title='bbox 701 1516 773 1556; x_wconf 86' lang='lat' dir='ltr'><em>curn</em></span> <span class='ocrx_word' id='word_1_90' title='bbox 801 1494 987 1576; x_wconf 75' lang='lat' dir='ltr'><em>antiquiore</em></span> <span class='ocrx_word' id='word_1_91' title='bbox 1006 1490 1123 1575; x_wconf 84' lang='lat' dir='ltr'><em>forma</em></span> <span class='ocrx_word' id='word_1_92' title='bbox 1151 1489 1233 1577; x_wconf 78' lang='lat' dir='ltr'><em>lepis</em></span> <span class='ocrx_word' id='word_1_93' title='bbox 1253 1492 1443 1556; x_wconf 85' lang='lat' dir='ltr'><em>Ribuariae</em></span> 
     </span>
     <span class='ocr_line' id='line_1_13' title="bbox 319 1575 1443 1661; baseline -0.002 -21"><span class='ocrx_word' id='word_1_94' title='bbox 319 1599 497 1660; x_wconf 74' lang='lat' dir='ltr'><em>conpruere</em></span> <span class='ocrx_word' id='word_1_95' title='bbox 523 1579 665 1659; x_wconf 85' lang='lat' dir='ltr'><em>putauit,</em></span> <span class='ocrx_word' id='word_1_96' title='bbox 695 1578 884 1640; x_wconf 76' lang='lat' dir='ltr'><em>recentioris</em></span> <span class='ocrx_word' id='word_1_97' title='bbox 908 1580 1023 1661; x_wconf 91' lang='lat' dir='ltr'><em>potius</em></span> <span class='ocrx_word' id='word_1_98' title='bbox 1043 1575 1177 1660; x_wconf 83' lang='lat' dir='ltr'><em>formae</em></span> <span class='ocrx_word' id='word_1_99' title='bbox 1199 1576 1231 1637; x_wconf 91' lang='grc' dir='ltr'><em>Β</em></span> <span class='ocrx_word' id='word_1_100' title='bbox 1259 1575 1443 1660; x_wconf 83' lang='lat' dir='ltr'><em>enempburn</em></span> 
     </span>
     <span class='ocr_line' id='line_1_14' title="bbox 319 1657 1444 1746; baseline 0 -24"><span class='ocrx_word' id='word_1_101' title='bbox 319 1660 454 1723; x_wconf 83' lang='lat' dir='ltr'><em>eubibet.</em></span> <span class='ocrx_word' id='word_1_102' title='bbox 501 1657 628 1733; x_wconf 79' lang='lat' dir='ltr'><em>Quibus</em></span> <span class='ocrx_word' id='word_1_103' title='bbox 650 1660 853 1746; x_wconf 65' lang='lat' dir='ltr'><em>argumentis</em></span> <span class='ocrx_word' id='word_1_104' title='bbox 873 1659 1123 1739; x_wconf 85' lang='lat' dir='ltr'><em>demonstratur,</em></span> <span class='ocrx_word' id='word_1_105' title='bbox 1146 1659 1272 1722; x_wconf 82' lang='lat' dir='ltr'><em>codices</em></span> <span class='ocrx_word' id='word_1_106' title='bbox 1288 1661 1320 1722; x_wconf 91' lang='grc' dir='ltr'><em>Β</em></span> <span class='ocrx_word' id='word_1_107' title='bbox 1343 1681 1383 1724; x_wconf 85' lang='lat' dir='ltr'><em>ere</em></span> <span class='ocrx_word' id='word_1_108' title='bbox 1405 1682 1444 1723; x_wconf 89' lang='lat' dir='ltr'><em>ea</em></span> 
     </span>
     <span class='ocr_line' id='line_1_15' title="bbox 319 1743 1442 1827; baseline 0.004 -23"><span class='ocrx_word' id='word_1_109' title='bbox 319 1752 425 1806; x_wconf 83' lang='lat' dir='ltr'><em>tentus</em></span> <span class='ocrx_word' id='word_1_110' title='bbox 437 1743 556 1827; x_wconf 85' lang='lat' dir='ltr'><em>forma</em></span> <span class='ocrx_word' id='word_1_111' title='bbox 577 1765 725 1824; x_wconf 79' lang='lat' dir='ltr'><em>manare,</em></span> <span class='ocrx_word' id='word_1_112' title='bbox 754 1765 838 1827; x_wconf 80' lang='lat' dir='ltr'><em>quae</em></span> <span class='ocrx_word' id='word_1_113' title='bbox 868 1752 987 1807; x_wconf 79' lang='lat' dir='ltr'><em>certain</em></span> <span class='ocrx_word' id='word_1_114' title='bbox 1008 1744 1177 1827; x_wconf 81' lang='lat' dir='ltr'><em>quandam</em></span> <span class='ocrx_word' id='word_1_115' title='bbox 1199 1743 1370 1807; x_wconf 83' lang='lat' dir='ltr'><em>titulorum</em></span> <span class='ocrx_word' id='word_1_116' title='bbox 1393 1744 1442 1808; x_wconf 91' lang='lat' dir='ltr'><em>di-</em></span> 
     </span>
     <span class='ocr_line' id='line_1_16' title="bbox 319 1824 1260 1911; baseline -0.001 -22"><span class='ocrx_word' id='word_1_117' title='bbox 319 1829 484 1906; x_wconf 87' lang='lat' dir='ltr'><em>aisionern,</em></span> <span class='ocrx_word' id='word_1_118' title='bbox 508 1850 529 1889; x_wconf 92' lang='lat' dir='ltr'><em>a</em></span> <span class='ocrx_word' id='word_1_119' title='bbox 551 1830 697 1911; x_wconf 74' lang='lat' dir='ltr'><em>pennino</em></span> <span class='ocrx_word' id='word_1_120' title='bbox 719 1836 808 1889; x_wconf 84' lang='lat' dir='ltr'><em>teoctu</em></span> <span class='ocrx_word' id='word_1_121' title='bbox 831 1824 1074 1907; x_wconf 71' lang='lat' dir='ltr'><em>atturniam</em></span> <span class='ocrx_word' id='word_1_122' title='bbox 1095 1829 1260 1911; x_wconf 80' lang='lat' dir='ltr'><em>receperit.</em></span> 
     </span>
    </p>

    <p class='ocr_par' dir='ltr' id='par_1_3' title="bbox 318 1908 1540 2246">
     <span class='ocr_line' id='line_1_17' title="bbox 403 1908 1540 1994; baseline 0.001 -21"><span class='ocrx_word' id='word_1_123' title='bbox 403 1909 516 1994; x_wconf 77' lang='lat' dir='ltr'><em>Neque</em></span> <span class='ocrx_word' id='word_1_124' title='bbox 537 1932 613 1975; x_wconf 87' lang='lat' dir='ltr'><em>nero</em></span> <span class='ocrx_word' id='word_1_125' title='bbox 635 1908 706 1974; x_wconf 86' lang='lat' dir='ltr'><em>sola</em></span> <span class='ocrx_word' id='word_1_126' title='bbox 718 1910 847 1994; x_wconf 76' lang='lat' dir='ltr'><em>sorana,</em></span> <span class='ocrx_word' id='word_1_127' title='bbox 878 1911 933 1974; x_wconf 91' lang='lat' dir='ltr'><em>sed</em></span> <span class='ocrx_word' id='word_1_128' title='bbox 956 1913 1052 1974; x_wconf 89' lang='lat' dir='ltr'><em>etiarn</em></span> <span class='ocrx_word' id='word_1_129' title='bbox 1074 1911 1151 1993; x_wconf 87' lang='lat' dir='ltr'><em>ipsa</em></span> <span class='ocrx_word' id='word_1_130' title='bbox 1173 1933 1223 1974; x_wconf 91' lang='lat' dir='ltr'><em>res</em></span> <span class='ocrx_word' id='word_1_131' title='bbox 1246 1933 1333 1994; x_wconf 83' lang='lat' dir='ltr'><em>quae</em></span> <span class='ocrx_word' id='word_1_132' title='bbox 1355 1921 1441 1974; x_wconf 89' lang='lat' dir='ltr'><em>trac·</em></span> <span class='ocrx_word' id='word_1_133' title='bbox 1539 1959 1540 1974; x_wconf 30' lang='lat' dir='ltr'><em>s</em></span> 
     </span>
     <span class='ocr_line' id='line_1_18' title="bbox 318 1993 1442 2075; baseline 0.002 -20"><span class='ocrx_word' id='word_1_134' title='bbox 318 2003 419 2073; x_wconf 87' lang='lat' dir='ltr'><em>tatur,</em></span> <span class='ocrx_word' id='word_1_135' title='bbox 442 1996 479 2057; x_wconf 92' lang='lat' dir='ltr'><em>in</em></span> <span class='ocrx_word' id='word_1_136' title='bbox 495 1994 659 2058; x_wconf 84' lang='lat' dir='ltr'><em>codicibus</em></span> <span class='ocrx_word' id='word_1_137' title='bbox 674 1995 706 2056; x_wconf 94' lang='grc' dir='ltr'><em>Β</em></span> <span class='ocrx_word' id='word_1_138' title='bbox 720 1995 891 2057; x_wconf 87' lang='lat' dir='ltr'><em>irurautata</em></span> <span class='ocrx_word' id='word_1_139' title='bbox 906 2004 959 2075; x_wconf 87' lang='lat' dir='ltr'><em>est,</em></span> <span class='ocrx_word' id='word_1_140' title='bbox 983 2017 1056 2058; x_wconf 88' lang='lat' dir='ltr'><em>curn</em></span> <span class='ocrx_word' id='word_1_141' title='bbox 1077 1997 1114 2056; x_wconf 91' lang='lat' dir='ltr'><em>in</em></span> <span class='ocrx_word' id='word_1_142' title='bbox 1134 1993 1227 2058; x_wconf 85' lang='lat' dir='ltr'><em>titulo</em></span> <span class='ocrx_word' id='word_1_143' title='bbox 1250 1995 1304 2058; x_wconf 85' lang='lat'><em>36.</em></span> <span class='ocrx_word' id='word_1_144' title='bbox 1327 1994 1442 2072; x_wconf 84' lang='lat' dir='ltr'><em>clerico</em></span> 
     </span>
     <span class='ocr_line' id='line_1_19' title="bbox 318 2078 1540 2163; baseline 0.001 -23"><span class='ocrx_word' id='word_1_145' title='bbox 318 2078 463 2162; x_wconf 76' lang='lat' dir='ltr'><em>inqenuo</em></span> <span class='ocrx_word' id='word_1_146' title='bbox 479 2078 689 2163; x_wconf 74' lang='lat' dir='ltr'><em>werepebdurn</em></span> <span class='ocrx_word' id='word_1_147' title='bbox 699 2079 834 2157; x_wconf 70' lang='lat' dir='ltr'><em>Franci,</em></span> <span class='ocrx_word' id='word_1_148' title='bbox 850 2078 990 2142; x_wconf 90' lang='lat' dir='ltr'><em>diacono</em></span> <span class='ocrx_word' id='word_1_149' title='bbox 1007 2087 1101 2162; x_wconf 79' lang='lat' dir='ltr'><em>atque</em></span> <span class='ocrx_word' id='word_1_150' title='bbox 1116 2078 1319 2143; x_wconf 88' lang='lat' dir='ltr'><em>subdiacono</em></span> <span class='ocrx_word' id='word_1_151' title='bbox 1334 2080 1444 2141; x_wconf 80' lang='lat' dir='ltr'><em>ninius</em></span> <span class='ocrx_word' id='word_1_152' title='bbox 1538 2089 1540 2131; x_wconf 62' lang='lat' dir='ltr'><em>t</em></span> 
     </span>
     <span class='ocr_line' id='line_1_20' title="bbox 318 2159 727 2246; baseline 0.002 -23"><span class='ocrx_word' id='word_1_153' title='bbox 318 2159 530 2246; x_wconf 77' lang='lat' dir='ltr'><em>werepebdurn</em></span> <span class='ocrx_word' id='word_1_154' title='bbox 551 2163 727 2225; x_wconf 89' lang='lat' dir='ltr'><em>tribuatur.</em></span> 
     </span>
    </p>
   </div>
   <div class='ocr_carea' id='block_1_3' title="bbox 314 2244 1540 2744">
    <p class='ocr_par' dir='ltr' id='par_1_4' title="bbox 314 2244 1540 2497">
     <span class='ocr_line' id='line_1_21' title="bbox 404 2244 1445 2329; baseline 0 -22"><span class='ocrx_word' id='word_1_155' title='bbox 404 2245 580 2328; x_wconf 82' lang='lat' dir='ltr'><em>Apparetc</em></span> <span class='ocrx_word' id='word_1_156' title='bbox 605 2247 682 2326; x_wconf 82' lang='lat' dir='ltr'><em>itur,</em></span> <span class='ocrx_word' id='word_1_157' title='bbox 706 2269 727 2308; x_wconf 94' lang='lat' dir='ltr'><em>a</em></span> <span class='ocrx_word' id='word_1_158' title='bbox 743 2244 911 2309; x_wconf 81' lang='lat' dir='ltr'><em>codicibus</em></span> <span class='ocrx_word' id='word_1_159' title='bbox 926 2245 958 2306; x_wconf 94' lang='lat' dir='ltr'><em>B</em></span> <span class='ocrx_word' id='word_1_160' title='bbox 972 2254 1093 2308; x_wconf 86' lang='lat' dir='ltr'><em>tentum</em></span> <span class='ocrx_word' id='word_1_161' title='bbox 1114 2246 1326 2310; x_wconf 83' lang='lat' dir='ltr'><em>recentiorem</em></span> <span class='ocrx_word' id='word_1_162' title='bbox 1349 2254 1445 2329; x_wconf 80' lang='lat' dir='ltr'><em>atque</em></span> 
     </span>
     <span class='ocr_line' id='line_1_22' title="bbox 318 2269 1540 2414; baseline 0.001 -24"><span class='ocrx_word' id='word_1_163' title='bbox 318 2329 521 2392; x_wconf 78' lang='lat' dir='ltr'><em>emendaturi</em></span> <span class='ocrx_word' id='word_1_164' title='bbox 543 2269 697 2409; x_wconf 70' lang='lat' dir='ltr'><em>enbiberi,</em></span> <span class='ocrx_word' id='word_1_165' title='bbox 720 2351 781 2414; x_wconf 86' lang='lat' dir='ltr'><em>quo</em></span> <span class='ocrx_word' id='word_1_166' title='bbox 804 2336 892 2392; x_wconf 84' lang='lat' dir='ltr'><em>tantu</em></span> <span class='ocrx_word' id='word_1_167' title='bbox 907 2328 1040 2414; x_wconf 76' lang='lat' dir='ltr'><em>culpato</em></span> <span class='ocrx_word' id='word_1_168' title='bbox 1055 2328 1277 2414; x_wconf 77' lang='lat' dir='ltr'><em>Karoiinpica</em></span> <span class='ocrx_word' id='word_1_169' title='bbox 1302 2339 1394 2392; x_wconf 90' lang='lat' dir='ltr'><em>aetas</em></span> <span class='ocrx_word' id='word_1_170' title='bbox 1415 2337 1443 2392; x_wconf 91' lang='lat' dir='ltr'><em>et</em></span> <span class='ocrx_word' id='word_1_171' title='bbox 1539 2401 1540 2408; x_wconf 8' lang='grc' dir='ltr'>ἵ</span> 
     </span>
     <span class='ocr_line' id='line_1_23' title="bbox 314 2415 875 2497; baseline -0.002 -20"><span class='ocrx_word' id='word_1_172' title='bbox 314 2415 502 2496; x_wconf 88' lang='lat' dir='ltr'><em>posteriora</em></span> <span class='ocrx_word' id='word_1_173' title='bbox 524 2423 670 2497; x_wconf 82' lang='lat' dir='ltr'><em>tempora</em></span> <span class='ocrx_word' id='word_1_174' title='bbox 691 2416 875 2477; x_wconf 88' lang='lat' dir='ltr'><em>utebantur.</em></span> 
     </span>
    </p>

    <p class='ocr_par' dir='ltr' id='par_1_5' title="bbox 318 2494 1540 2744">
     <span class='ocr_line' id='line_1_24' title="bbox 404 2494 1540 2582; baseline -0.001 -23"><span class='ocrx_word' id='word_1_175' title='bbox 404 2496 475 2570; x_wconf 82' lang='lat' dir='ltr'><em>Quo</em></span> <span class='ocrx_word' id='word_1_176' title='bbox 490 2506 579 2561; x_wconf 86' lang='lat' dir='ltr'><em>teratu</em></span> <span class='ocrx_word' id='word_1_177' title='bbox 594 2496 738 2560; x_wconf 87' lang='lat' dir='ltr'><em>Karalus</em></span> <span class='ocrx_word' id='word_1_178' title='bbox 753 2497 901 2581; x_wconf 78' lang='lat' dir='ltr'><em>Mapnus</em></span> <span class='ocrx_word' id='word_1_179' title='bbox 920 2517 999 2559; x_wconf 83' lang='lat' dir='ltr'><em>usus</em></span> <span class='ocrx_word' id='word_1_180' title='bbox 1011 2494 1131 2580; x_wconf 83' lang='lat' dir='ltr'><em>fuerit,</em></span> <span class='ocrx_word' id='word_1_181' title='bbox 1155 2519 1227 2560; x_wconf 87' lang='lat' dir='ltr'><em>curn</em></span> <span class='ocrx_word' id='word_1_182' title='bbox 1245 2495 1445 2582; x_wconf 80' lang='lat' dir='ltr'><em>Capitubore</em></span> <span class='ocrx_word' id='word_1_183' title='bbox 1539 2505 1540 2518; x_wconf 64' lang='lat'>¹</span> 
     </span>
     <span class='ocr_line' id='line_1_25' title="bbox 318 2579 1446 2744; baseline 0 -101"><span class='ocrx_word' id='word_1_184' title='bbox 318 2603 413 2644; x_wconf 80' lang='lat' dir='ltr'><em>suunt</em></span> <span class='ocrx_word' id='word_1_185' title='bbox 441 2579 507 2744; x_wconf 52' lang='lat' dir='ltr'><em>ippi</em></span> <span class='ocrx_word' id='word_1_186' title='bbox 527 2581 711 2644; x_wconf 76' lang='lat' dir='ltr'><em>itibuariae</em></span> <span class='ocrx_word' id='word_1_187' title='bbox 742 2581 892 2644; x_wconf 88' lang='lat' dir='ltr'><em>additura</em></span> <span class='ocrx_word' id='word_1_188' title='bbox 921 2601 1010 2643; x_wconf 92' lang='lat' dir='ltr'><em>anno</em></span> <span class='ocrx_word' id='word_1_189' title='bbox 1032 2579 1103 2644; x_wconf 88' lang='grc'><strong>803.</strong></span> <span class='ocrx_word' id='word_1_190' title='bbox 1133 2589 1351 2662; x_wconf 83' lang='lat' dir='ltr'><em>conponeret,</em></span> <span class='ocrx_word' id='word_1_191' title='bbox 1379 2600 1446 2664; x_wconf 86' lang='lat' dir='ltr'><em>pro</em></span> 
     </span>
    </p>
   </div>
   <div class='ocr_carea' id='block_1_4' title="bbox 231 2663 1541 3922">
    <p class='ocr_par' dir='ltr' id='par_1_6' title="bbox 317 2663 1446 2832">
     <span class='ocr_line' id='line_1_26' title="bbox 317 2663 1446 2748; baseline -0.001 -21"><span class='ocrx_word' id='word_1_192' title='bbox 317 2673 401 2727; x_wconf 90' lang='lat' dir='ltr'><em>certo</em></span> <span class='ocrx_word' id='word_1_193' title='bbox 417 2665 456 2727; x_wconf 89' lang='lat' dir='ltr'><em>de</em></span> <span class='ocrx_word' id='word_1_194' title='bbox 481 2667 553 2728; x_wconf 89' lang='lat' dir='ltr'><em>nire</em></span> <span class='ocrx_word' id='word_1_195' title='bbox 568 2666 626 2726; x_wconf 82' lang='lat' dir='ltr'><em>nin</em></span> <span class='ocrx_word' id='word_1_196' title='bbox 672 2687 829 2728; x_wconf 86' lang='lat' dir='ltr'><em>assumus.</em></span> <span class='ocrx_word' id='word_1_197' title='bbox 872 2663 914 2727; x_wconf 91' lang='lat' dir='ltr'><em>Id</em></span> <span class='ocrx_word' id='word_1_198' title='bbox 935 2673 1061 2727; x_wconf 86' lang='lat' dir='ltr'><em>tanturn</em></span> <span class='ocrx_word' id='word_1_199' title='bbox 1084 2673 1236 2748; x_wconf 87' lang='lat' dir='ltr'><em>apparet,</em></span> <span class='ocrx_word' id='word_1_200' title='bbox 1260 2667 1296 2744; x_wconf 88' lang='lat'><em>1)</em></span> <span class='ocrx_word' id='word_1_201' title='bbox 1325 2674 1446 2728; x_wconf 81' lang='lat' dir='ltr'><em>tenturn</em></span> 
     </span>
     <span class='ocr_line' id='line_1_27' title="bbox 317 2687 1444 2832; baseline 0.004 -24"><span class='ocrx_word' id='word_1_202' title='bbox 317 2754 464 2810; x_wconf 85' lang='lat' dir='ltr'><em>nostrum</em></span> <span class='ocrx_word' id='word_1_203' title='bbox 493 2747 574 2831; x_wconf 74' lang='lat' dir='ltr'><em>lepis</em></span> <span class='ocrx_word' id='word_1_204' title='bbox 594 2687 781 2810; x_wconf 67' lang='lat' dir='ltr'><em>Ribuarioe</em></span> <span class='ocrx_word' id='word_1_205' title='bbox 810 2749 879 2810; x_wconf 80' lang='lat' dir='ltr'><em>iana</em></span> <span class='ocrx_word' id='word_1_206' title='bbox 906 2755 974 2810; x_wconf 88' lang='lat' dir='ltr'><em>turn</em></span> <span class='ocrx_word' id='word_1_207' title='bbox 1003 2746 1183 2829; x_wconf 85' lang='lat' dir='ltr'><em>confectura</em></span> <span class='ocrx_word' id='word_1_208' title='bbox 1212 2757 1241 2809; x_wconf 92' lang='lat' dir='ltr'><em>et</em></span> <span class='ocrx_word' id='word_1_209' title='bbox 1263 2749 1368 2832; x_wconf 79' lang='lat' dir='ltr'><em>quasi</em></span> <span class='ocrx_word' id='word_1_210' title='bbox 1389 2747 1444 2811; x_wconf 89' lang='lat' dir='ltr'><em>ob-</em></span> 
     </span>
    </p>

    <p class='ocr_par' dir='ltr' id='par_1_7' title="bbox 231 2827 1541 3748">
     <span class='ocr_line' id='line_1_28' title="bbox 231 2827 1541 2916; baseline 0.001 -24"><span class='ocrx_word' id='word_1_211' title='bbox 231 2905 232 2908; x_wconf 9' lang='lat'><em>*</em></span> <span class='ocrx_word' id='word_1_212' title='bbox 318 2827 457 2894; x_wconf 81' lang='lat' dir='ltr'><em>soluturi</em></span> <span class='ocrx_word' id='word_1_213' title='bbox 469 2829 592 2913; x_wconf 86' lang='lat' dir='ltr'><em>fuisse,</em></span> <span class='ocrx_word' id='word_1_214' title='bbox 622 2853 694 2894; x_wconf 88' lang='lat' dir='ltr'><em>curn</em></span> <span class='ocrx_word' id='word_1_215' title='bbox 721 2831 805 2895; x_wconf 89' lang='lat' dir='ltr'><em>idern</em></span> <span class='ocrx_word' id='word_1_216' title='bbox 826 2829 908 2894; x_wconf 79' lang='lat' dir='ltr'><em>ordo</em></span> <span class='ocrx_word' id='word_1_217' title='bbox 929 2851 1049 2911; x_wconf 74' lang='lat' dir='ltr'><em>reruni,</em></span> <span class='ocrx_word' id='word_1_218' title='bbox 1072 2854 1163 2916; x_wconf 77' lang='lat' dir='ltr'><em>quern</em></span> <span class='ocrx_word' id='word_1_219' title='bbox 1186 2831 1316 2896; x_wconf 89' lang='lat' dir='ltr'><em>codices</em></span> <span class='ocrx_word' id='word_1_220' title='bbox 1336 2833 1446 2896; x_wconf 83' lang='lat' dir='ltr'><em>nostri</em></span> <span class='ocrx_word' id='word_1_221' title='bbox 1540 2893 1541 2916; x_wconf 21' lang='grc' dir='ltr'><strong>ἶ</strong></span> 
     </span>
     <span class='ocr_line' id='line_1_29' title="bbox 318 2913 1541 3000; baseline 0.002 -24"><span class='ocrx_word' id='word_1_222' title='bbox 318 2913 446 2993; x_wconf 86' lang='lat' dir='ltr'><em>babent,</em></span> <span class='ocrx_word' id='word_1_223' title='bbox 475 2922 504 2976; x_wconf 91' lang='lat' dir='ltr'><em>et</em></span> <span class='ocrx_word' id='word_1_224' title='bbox 532 2915 617 2978; x_wconf 86' lang='lat' dir='ltr'><em>idem</em></span> <span class='ocrx_word' id='word_1_225' title='bbox 635 2914 713 2999; x_wconf 89' lang='lat' dir='ltr'><em>fere</em></span> <span class='ocrx_word' id='word_1_226' title='bbox 742 2936 896 2978; x_wconf 83' lang='lat' dir='ltr'><em>numerus</em></span> <span class='ocrx_word' id='word_1_227' title='bbox 925 2913 1104 2997; x_wconf 82' lang='lat' dir='ltr'><em>titulorum,</em></span> <span class='ocrx_word' id='word_1_228' title='bbox 1155 2918 1192 2978; x_wconf 90' lang='lat' dir='ltr'><em>ui</em></span> <span class='ocrx_word' id='word_1_229' title='bbox 1218 2917 1255 2977; x_wconf 93' lang='lat' dir='ltr'><em>in</em></span> <span class='ocrx_word' id='word_1_230' title='bbox 1271 2916 1444 3000; x_wconf 80' lang='lat' dir='ltr'><em>plerisque</em></span> <span class='ocrx_word' id='word_1_231' title='bbox 1540 2917 1541 2972; x_wconf 68' lang='lat' dir='ltr'><em>i</em></span> 
     </span>
     <span class='ocr_line' id='line_1_30' title="bbox 318 2937 1445 3085; baseline 0.002 -24"><span class='ocrx_word' id='word_1_232' title='bbox 318 2997 485 3061; x_wconf 81' lang='lat' dir='ltr'><em>codicibus</em></span> <span class='ocrx_word' id='word_1_233' title='bbox 516 3001 669 3079; x_wconf 83' lang='lat' dir='ltr'><em>occurrit,</em></span> <span class='ocrx_word' id='word_1_234' title='bbox 699 3000 882 3062; x_wconf 81' lang='lat' dir='ltr'><em>observetur</em></span> <span class='ocrx_word' id='word_1_235' title='bbox 889 3019 901 3078; x_wconf 89' lang='lat'><em>,·</em></span> <span class='ocrx_word' id='word_1_236' title='bbox 933 2997 972 3078; x_wconf 81' lang='lat'><em>2)</em></span> <span class='ocrx_word' id='word_1_237' title='bbox 994 2995 1094 3083; x_wconf 73' lang='lat' dir='ltr'><em>beperu</em></span> <span class='ocrx_word' id='word_1_238' title='bbox 1115 2937 1328 3080; x_wconf 66' lang='lat' dir='ltr'><em>Iiibuarianc,</em></span> <span class='ocrx_word' id='word_1_239' title='bbox 1359 3022 1445 3085; x_wconf 79' lang='lat' dir='ltr'><em>quae</em></span> 
     </span>
     <span class='ocr_line' id='line_1_31' title="bbox 318 3079 1444 3168; baseline 0.003 -25"><span class='ocrx_word' id='word_1_240' title='bbox 318 3090 394 3144; x_wconf 89' lang='lat' dir='ltr'><em>tunc</em></span> <span class='ocrx_word' id='word_1_241' title='bbox 416 3083 453 3144; x_wconf 90' lang='lat' dir='ltr'><em>in</em></span> <span class='ocrx_word' id='word_1_242' title='bbox 475 3103 539 3145; x_wconf 91' lang='lat' dir='ltr'><em>usu</em></span> <span class='ocrx_word' id='word_1_243' title='bbox 549 3081 635 3167; x_wconf 83' lang='lat' dir='ltr'><em>fuit,</em></span> <span class='ocrx_word' id='word_1_244' title='bbox 657 3083 782 3146; x_wconf 85' lang='lat' dir='ltr'><em>iamin</em></span> <span class='ocrx_word' id='word_1_245' title='bbox 804 3079 915 3145; x_wconf 82' lang='lat' dir='ltr'><em>titulos</em></span> <span class='ocrx_word' id='word_1_246' title='bbox 938 3085 1040 3165; x_wconf 76' lang='lat' dir='ltr'><em>(quoe</em></span> <span class='ocrx_word' id='word_1_247' title='bbox 1062 3084 1099 3147; x_wconf 90' lang='lat' dir='ltr'><em>in</em></span> <span class='ocrx_word' id='word_1_248' title='bbox 1119 3081 1312 3167; x_wconf 81' lang='lat' dir='ltr'><em>Capitniari</em></span> <span class='ocrx_word' id='word_1_249' title='bbox 1334 3084 1444 3168; x_wconf 80' lang='lat' dir='ltr'><em>capita</em></span> 
     </span>
     <span class='ocr_line' id='line_1_32' title="bbox 319 3164 1443 3250; baseline 0.002 -21"><span class='ocrx_word' id='word_1_250' title='bbox 319 3170 495 3247; x_wconf 87' lang='lat' dir='ltr'><em>uocantur)</em></span> <span class='ocrx_word' id='word_1_251' title='bbox 518 3166 659 3230; x_wconf 84' lang='lat' dir='ltr'><em>dinisam</em></span> <span class='ocrx_word' id='word_1_252' title='bbox 671 3165 803 3250; x_wconf 83' lang='lat' dir='ltr'><em>fuisse;</em></span> <span class='ocrx_word' id='word_1_253' title='bbox 826 3164 973 3230; x_wconf 85' lang='lat' dir='ltr'><em>omnibus</em></span> <span class='ocrx_word' id='word_1_254' title='bbox 995 3167 1080 3229; x_wconf 90' lang='lat' dir='ltr'><em>enirn</em></span> <span class='ocrx_word' id='word_1_255' title='bbox 1096 3166 1260 3249; x_wconf 81' lang='lat' dir='ltr'><em>capitibus</em></span> <span class='ocrx_word' id='word_1_256' title='bbox 1277 3189 1298 3228; x_wconf 92' lang='lat' dir='ltr'><em>a</em></span> <span class='ocrx_word' id='word_1_257' title='bbox 1315 3167 1443 3233; x_wconf 84' lang='lat' dir='ltr'><em>Karobo</em></span> 
     </span>
     <span class='ocr_line' id='line_1_33' title="bbox 318 3248 1445 3336; baseline 0.001 -24"><span class='ocrx_word' id='word_1_258' title='bbox 318 3248 385 3335; x_wconf 66' lang='lat' dir='ltr'><em>beni</em></span> <span class='ocrx_word' id='word_1_259' title='bbox 413 3249 598 3313; x_wconf 88' lang='lat' dir='ltr'><em>Ribuariae</em></span> <span class='ocrx_word' id='word_1_260' title='bbox 626 3249 751 3314; x_wconf 87' lang='lat' dir='ltr'><em>additis</em></span> <span class='ocrx_word' id='word_1_261' title='bbox 778 3270 931 3314; x_wconf 84' lang='lat' dir='ltr'><em>numerus</em></span> <span class='ocrx_word' id='word_1_262' title='bbox 959 3249 1072 3333; x_wconf 84' lang='lat' dir='ltr'><em>capitis</em></span> <span class='ocrx_word' id='word_1_263' title='bbox 1100 3251 1221 3332; x_wconf 89' lang='lat' dir='ltr'><em>(idest</em></span> <span class='ocrx_word' id='word_1_264' title='bbox 1246 3251 1339 3314; x_wconf 83' lang='lat' dir='ltr'><em>tituli</em></span> <span class='ocrx_word' id='word_1_265' title='bbox 1360 3251 1445 3336; x_wconf 69' lang='lat' dir='ltr'><em>lepis</em></span> 
     </span>
     <span class='ocr_line' id='line_1_34' title="bbox 318 3333 1443 3419; baseline 0.001 -21"><span class='ocrx_word' id='word_1_266' title='bbox 318 3333 521 3414; x_wconf 83' lang='lat' dir='ltr'><em>Ribuariae)</em></span> <span class='ocrx_word' id='word_1_267' title='bbox 539 3355 620 3398; x_wconf 89' lang='lat' dir='ltr'><em>novo</em></span> <span class='ocrx_word' id='word_1_268' title='bbox 636 3336 709 3398; x_wconf 90' lang='lat' dir='ltr'><em>iure</em></span> <span class='ocrx_word' id='word_1_269' title='bbox 723 3333 914 3419; x_wconf 74' lang='lat' dir='ltr'><em>corripendi</em></span> <span class='ocrx_word' id='word_1_270' title='bbox 925 3333 1135 3418; x_wconf 74' lang='lat' dir='ltr'><em>proefipitur.</em></span> <span class='ocrx_word' id='word_1_271' title='bbox 1178 3334 1318 3397; x_wconf 84' lang='lat' dir='ltr'><em>Numeri</em></span> <span class='ocrx_word' id='word_1_272' title='bbox 1334 3344 1443 3399; x_wconf 87' lang='lat' dir='ltr'><em>autern</em></span> 
     </span>
     <span class='ocr_line' id='line_1_35' title="bbox 317 3417 1443 3502; baseline 0.002 -24"><span class='ocrx_word' id='word_1_273' title='bbox 317 3417 483 3481; x_wconf 83' lang='lat' dir='ltr'><em>titulorum</em></span> <span class='ocrx_word' id='word_1_274' title='bbox 498 3418 581 3501; x_wconf 73' lang='lat' dir='ltr'><em>lepis</em></span> <span class='ocrx_word' id='word_1_275' title='bbox 596 3417 790 3498; x_wconf 82' lang='lat' dir='ltr'><em>Ribuariae,</em></span> <span class='ocrx_word' id='word_1_276' title='bbox 813 3439 892 3502; x_wconf 83' lang='lat' dir='ltr'><em>quos</em></span> <span class='ocrx_word' id='word_1_277' title='bbox 907 3417 1051 3481; x_wconf 84' lang='lat' dir='ltr'><em>Karalus</em></span> <span class='ocrx_word' id='word_1_278' title='bbox 1073 3426 1200 3481; x_wconf 89' lang='lat' dir='ltr'><em>secutus</em></span> <span class='ocrx_word' id='word_1_279' title='bbox 1217 3439 1283 3484; x_wconf 89' lang='lat' dir='ltr'><em>esse</em></span> <span class='ocrx_word' id='word_1_280' title='bbox 1298 3419 1443 3499; x_wconf 86' lang='lat' dir='ltr'><em>uidetur,</em></span> 
     </span>
     <span class='ocr_line' id='line_1_36' title="bbox 318 3500 1442 3586; baseline 0.002 -23"><span class='ocrx_word' id='word_1_281' title='bbox 318 3523 390 3564; x_wconf 81' lang='lat' dir='ltr'><em>cunc</em></span> <span class='ocrx_word' id='word_1_282' title='bbox 411 3509 499 3563; x_wconf 83' lang='lat' dir='ltr'><em>tenta</em></span> <span class='ocrx_word' id='word_1_283' title='bbox 521 3500 576 3562; x_wconf 86' lang='lat' dir='ltr'><em>oui</em></span> <span class='ocrx_word' id='word_1_284' title='bbox 601 3510 654 3563; x_wconf 90' lang='lat' dir='ltr'><em>ato</em></span> <span class='ocrx_word' id='word_1_285' title='bbox 675 3502 707 3563; x_wconf 93' lang='lat' dir='ltr'><em>B</em></span> <span class='ocrx_word' id='word_1_286' title='bbox 728 3503 822 3565; x_wconf 81' lang='lat' dir='ltr'><em>niodo</em></span> <span class='ocrx_word' id='word_1_287' title='bbox 845 3523 905 3564; x_wconf 81' lang='lat' dir='ltr'><em>corr</em></span> <span class='ocrx_word' id='word_1_288' title='bbox 930 3510 1040 3582; x_wconf 90' lang='lat' dir='ltr'><em>ruunt,</em></span> <span class='ocrx_word' id='word_1_289' title='bbox 1061 3502 1156 3566; x_wconf 79' lang='lat' dir='ltr'><em>niodo</em></span> <span class='ocrx_word' id='word_1_290' title='bbox 1173 3501 1316 3586; x_wconf 83' lang='lat' dir='ltr'><em>paulurn</em></span> <span class='ocrx_word' id='word_1_291' title='bbox 1339 3502 1382 3565; x_wconf 92' lang='lat' dir='ltr'><em>ab</em></span> <span class='ocrx_word' id='word_1_292' title='bbox 1405 3524 1442 3566; x_wconf 92' lang='lat' dir='ltr'><em>eo</em></span> 
     </span>
     <span class='ocr_line' id='line_1_37' title="bbox 318 3523 1444 3670; baseline 0.004 -24"><span class='ocrx_word' id='word_1_293' title='bbox 318 3585 517 3666; x_wconf 86' lang='lat' dir='ltr'><em>discrepant.</em></span> <span class='ocrx_word' id='word_1_294' title='bbox 560 3523 786 3648; x_wconf 65' lang='lat' dir='ltr'><em>liibiborninus</em></span> <span class='ocrx_word' id='word_1_295' title='bbox 808 3524 967 3648; x_wconf 75' lang='lat' dir='ltr'><em>Karoiiun</em></span> <span class='ocrx_word' id='word_1_296' title='bbox 995 3593 1093 3666; x_wconf 80' lang='lat' dir='ltr'><em>tortu,</em></span> <span class='ocrx_word' id='word_1_297' title='bbox 1123 3587 1181 3670; x_wconf 82' lang='lat' dir='ltr'><em>qui</em></span> <span class='ocrx_word' id='word_1_298' title='bbox 1201 3587 1305 3649; x_wconf 85' lang='lat' dir='ltr'><em>teutui</em></span> <span class='ocrx_word' id='word_1_299' title='bbox 1327 3594 1444 3650; x_wconf 88' lang='lat' dir='ltr'><em>nostro</em></span> 
     </span>
     <span class='ocr_line' id='line_1_38' title="bbox 317 3665 1022 3748; baseline 0 -17"><span class='ocrx_word' id='word_1_300' title='bbox 317 3668 350 3731; x_wconf 91' lang='grc' dir='ltr'><em>Β</em></span> <span class='ocrx_word' id='word_1_301' title='bbox 372 3665 489 3732; x_wconf 86' lang='lat' dir='ltr'><em>sirniiis</em></span> <span class='ocrx_word' id='word_1_302' title='bbox 511 3676 591 3748; x_wconf 84' lang='lat' dir='ltr'><em>erat,</em></span> <span class='ocrx_word' id='word_1_303' title='bbox 613 3689 709 3730; x_wconf 77' lang='lat' dir='ltr'><em>resurn</em></span> <span class='ocrx_word' id='word_1_304' title='bbox 731 3690 797 3732; x_wconf 92' lang='lat' dir='ltr'><em>esse</em></span> <span class='ocrx_word' id='word_1_305' title='bbox 819 3668 1022 3732; x_wconf 82' lang='lat' dir='ltr'><em>crediderim.</em></span> 
     </span>
    </p>

    <p class='ocr_par' dir='ltr' id='par_1_8' title="bbox 317 3748 1444 3922">
     <span class='ocr_line' id='line_1_39' title="bbox 405 3748 1444 3836; baseline 0.008 -27"><span class='ocrx_word' id='word_1_306' title='bbox 405 3748 496 3824; x_wconf 77' lang='lat' dir='ltr'><em>erae</em></span> <span class='ocrx_word' id='word_1_307' title='bbox 519 3773 590 3814; x_wconf 89' lang='lat' dir='ltr'><em>curn</em></span> <span class='ocrx_word' id='word_1_308' title='bbox 612 3753 661 3814; x_wconf 91' lang='lat' dir='ltr'><em>ita</em></span> <span class='ocrx_word' id='word_1_309' title='bbox 683 3754 758 3832; x_wconf 87' lang='lat' dir='ltr'><em>sint,</em></span> <span class='ocrx_word' id='word_1_310' title='bbox 782 3753 907 3817; x_wconf 84' lang='lat' dir='ltr'><em>codices</em></span> <span class='ocrx_word' id='word_1_311' title='bbox 930 3754 960 3814; x_wconf 85' lang='lat' dir='ltr'><strong><em>A</em></strong></span> <span class='ocrx_word' id='word_1_312' title='bbox 984 3754 1084 3816; x_wconf 91' lang='lat' dir='ltr'><em>aetati</em></span> <span class='ocrx_word' id='word_1_313' title='bbox 1107 3753 1364 3836; x_wconf 78' lang='lat' dir='ltr'><em>Merovinpicae‚</em></span> <span class='ocrx_word' id='word_1_314' title='bbox 1389 3775 1444 3819; x_wconf 91' lang='lat' dir='ltr'><em>co-</em></span> 
     </span>
     <span class='ocr_line' id='line_1_40' title="bbox 317 3835 1276 3922; baseline 0.001 -24"><span class='ocrx_word' id='word_1_315' title='bbox 317 3836 406 3898; x_wconf 86' lang='lat' dir='ltr'><em>dices</em></span> <span class='ocrx_word' id='word_1_316' title='bbox 427 3835 459 3896; x_wconf 95' lang='grc' dir='ltr'><em>Β</em></span> <span class='ocrx_word' id='word_1_317' title='bbox 481 3837 582 3898; x_wconf 85' lang='lat' dir='ltr'><em>aetati</em></span> <span class='ocrx_word' id='word_1_318' title='bbox 602 3835 840 3922; x_wconf 76' lang='lat' dir='ltr'><em>Karobinpicae</em></span> <span class='ocrx_word' id='word_1_319' title='bbox 864 3837 1005 3919; x_wconf 74' lang='lat' dir='ltr'><em>aptiores</em></span> <span class='ocrx_word' id='word_1_320' title='bbox 1027 3837 1181 3901; x_wconf 87' lang='lat' dir='ltr'><em>uidentur</em></span> <span class='ocrx_word' id='word_1_321' title='bbox 1201 3857 1276 3899; x_wconf 85' lang='lat' dir='ltr'><em>esse.</em></span> 
     </span>
    </p>
   </div>
   <div class='ocr_carea' id='block_1_5' title="bbox 700 3963 1050 4131">
    <p class='ocr_par' dir='ltr' id='par_1_9' title="bbox 700 3963 1050 4131">
     <span class='ocr_line' id='line_1_41' title="bbox 700 3963 1050 4131; baseline 0.009 -3"><span class='ocrx_word' id='word_1_322' title='bbox 700 4066 756 4130; x_wconf 91' lang='lat' dir='ltr'><em>De</em></span> <span class='ocrx_word' id='word_1_323' title='bbox 778 3963 988 4130; x_wconf 62' lang='lat' dir='ltr'><em>codicibus</em></span> <span class='ocrx_word' id='word_1_324' title='bbox 1010 4067 1050 4131; x_wconf 85' lang='lat' dir='ltr'><em>A.</em></span> 
     </span>
    </p>
   </div>
   <div class='ocr_carea' id='block_1_6' title="bbox 316 4167 1449 4503">
    <p class='ocr_par' dir='ltr' id='par_1_10' title="bbox 316 4167 1449 4503">
     <span class='ocr_line' id='line_1_42' title="bbox 402 4167 1446 4254; baseline 0.003 -23"><span class='ocrx_word' id='word_1_325' title='bbox 402 4167 475 4231; x_wconf 81' lang='lat' dir='ltr'><em>Iam</em></span> <span class='ocrx_word' id='word_1_326' title='bbox 503 4169 548 4232; x_wconf 87' lang='lat' dir='ltr'><em>ad</em></span> <span class='ocrx_word' id='word_1_327' title='bbox 577 4168 726 4254; x_wconf 76' lang='lat' dir='ltr'><em>sinpnbos</em></span> <span class='ocrx_word' id='word_1_328' title='bbox 753 4169 888 4249; x_wconf 87' lang='lat' dir='ltr'><em>codices,</em></span> <span class='ocrx_word' id='word_1_329' title='bbox 920 4192 959 4232; x_wconf 92' lang='lat' dir='ltr'><em>ac</em></span> <span class='ocrx_word' id='word_1_330' title='bbox 986 4171 1130 4253; x_wconf 79' lang='lat' dir='ltr'><em>primuni</em></span> <span class='ocrx_word' id='word_1_331' title='bbox 1159 4169 1287 4254; x_wconf 80' lang='lat' dir='ltr'><em>quidem</em></span> <span class='ocrx_word' id='word_1_332' title='bbox 1314 4169 1362 4232; x_wconf 89' lang='lat' dir='ltr'><em>ad</em></span> <span class='ocrx_word' id='word_1_333' title='bbox 1392 4194 1446 4234; x_wconf 91' lang='lat' dir='ltr'><em>oo·</em></span> 
     </span>
     <span class='ocr_line' id='line_1_43' title="bbox 318 4251 1448 4339; baseline 0.002 -23"><span class='ocrx_word' id='word_1_334' title='bbox 318 4253 404 4316; x_wconf 90' lang='lat' dir='ltr'><em>dices</em></span> <span class='ocrx_word' id='word_1_335' title='bbox 419 4251 449 4313; x_wconf 84' lang='lat' dir='ltr'><em>A</em></span> <span class='ocrx_word' id='word_1_336' title='bbox 472 4252 564 4316; x_wconf 91' lang='lat' dir='ltr'><em>nobis</em></span> <span class='ocrx_word' id='word_1_337' title='bbox 586 4253 825 4316; x_wconf 84' lang='lat' dir='ltr'><em>transeundum</em></span> <span class='ocrx_word' id='word_1_338' title='bbox 848 4262 901 4316; x_wconf 86' lang='lat' dir='ltr'><em>est.</em></span> <span class='ocrx_word' id='word_1_339' title='bbox 946 4251 1104 4339; x_wconf 73' lang='lat' dir='ltr'><em>Sinqulos</em></span> <span class='ocrx_word' id='word_1_340' title='bbox 1127 4262 1234 4317; x_wconf 70' lang='lat' dir='ltr'><em>autent</em></span> <span class='ocrx_word' id='word_1_341' title='bbox 1257 4252 1385 4318; x_wconf 87' lang='lat' dir='ltr'><em>codices</em></span> <span class='ocrx_word' id='word_1_342' title='bbox 1408 4257 1448 4318; x_wconf 90' lang='lat' dir='ltr'><em>in</em></span> 
     </span>
     <span class='ocr_line' id='line_1_44' title="bbox 317 4334 1449 4422; baseline 0.003 -25"><span class='ocrx_word' id='word_1_343' title='bbox 317 4334 524 4420; x_wconf 79' lang='lat' dir='ltr'><em>sequentibus</em></span> <span class='ocrx_word' id='word_1_344' title='bbox 537 4336 581 4399; x_wconf 91' lang='lat' dir='ltr'><em>iis</em></span> <span class='ocrx_word' id='word_1_345' title='bbox 596 4337 742 4400; x_wconf 84' lang='lat' dir='ltr'><em>numeris</em></span> <span class='ocrx_word' id='word_1_346' title='bbox 755 4339 953 4415; x_wconf 83' lang='lat' dir='ltr'><em>enumerari,</em></span> <span class='ocrx_word' id='word_1_347' title='bbox 978 4337 1093 4422; x_wconf 86' lang='lat' dir='ltr'><em>quibus</em></span> <span class='ocrx_word' id='word_1_348' title='bbox 1114 4338 1151 4400; x_wconf 92' lang='lat' dir='ltr'><em>in</em></span> <span class='ocrx_word' id='word_1_349' title='bbox 1170 4336 1310 4401; x_wconf 88' lang='lat' dir='ltr'><em>editione</em></span> <span class='ocrx_word' id='word_1_350' title='bbox 1325 4346 1449 4400; x_wconf 86' lang='lat' dir='ltr'><em>nostra</em></span> 
     </span>
     <span class='ocr_line' id='line_1_45' title="bbox 316 4419 551 4503; baseline 0.004 -22"><span class='ocrx_word' id='word_1_351' title='bbox 316 4419 446 4503; x_wconf 74' lang='lat' dir='ltr'><em>sipnati</em></span> <span class='ocrx_word' id='word_1_352' title='bbox 467 4426 551 4482; x_wconf 91' lang='lat' dir='ltr'><em>sunt.</em></span> 
     </span>
    </p>
   </div>
   <div class='ocr_carea' id='block_1_7' title="bbox 0 0 1552 5258">
    <p class='ocr_par' dir='ltr' id='par_1_11' title="bbox 0 0 1552 5258">
     <span class='ocr_line' id='line_1_46' title="bbox 0 0 1552 5258; baseline 0 0"><span class='ocrx_word' id='word_1_353' title='bbox 0 0 1552 5258; x_wconf 95' lang='lat' dir='ltr'><em> </em></span> 
     </span>
    </p>
   </div>
  </div>
 </body>
</html>
