3090 5258
588 455 664 512 tax
684 453 870 512 alaudam.

632 652 654 706 r
672 651 775 706 cono.
793 633 833 706 A.

246 775 282 846 2.
311 773 417 860 Quod
441 771 473 845 si
495 796 582 844 eum
602 796 676 844 non
695 771 1049 870 repraesentaverit,
1068 772 1183 846 talem
1204 774 1307 846 dam-

144 899 235 948 num
256 874 442 969 incurrat,
468 873 620 970 qualem
649 872 713 945 iile
739 873 928 947 sustinere
954 875 1153 969 debuerat,
1179 875 1240 973 qui
1270 875 1307 946 in

144 977 227 1051 eius
249 973 477 1073 obsequium
498 985 556 1047 est
574 973 800 1072 inculpatus.

249 1081 283 1151 3.
311 1077 392 1149 Hoc
408 1087 535 1149 autem
551 1076 846 1168 constituemus,
870 1087 912 1148 ut
933 1075 1027 1148 infra
1050 1101 1149 1176 pago
1172 1077 1337 1154 trinua-2.
1353 1095 1404 1142 224.

143 1179 200 1252 rio
221 1189 301 1251 tam
320 1177 475 1273 Franci,
493 1175 793 1276 Burgundionis,
819 1177 1035 1268 Alamanni,
1065 1202 1133 1251 seu
1153 1180 1199 1250 de
1219 1204 1307 1276 qua·

145 1304 310 1376 cumque
329 1278 481 1352 natione
502 1289 744 1352 conmoratus
764 1277 889 1371 fuerit,
914 1277 952 1349 in
972 1278 1109 1351 iudicio
1129 1279 1308 1378 interpet-

143 1382 259 1476 latus,
279 1381 378 1454 sicut
396 1379 459 1452 lex
472 1379 548 1453 loci
569 1379 745 1474 contenit,
766 1379 828 1451 ubi
847 1379 1059 1473 natus‘fuit,
1079 1380 1135 1455 sic
1153 1405 1308 1479 respon·

144 1486 247 1557 deat.

250 1588 283 1658 4.
311 1581 419 1671 Quod
439 1581 472 1655 si
492 1584 690 1656 damnatus
709 1581 835 1676 fuerit,
855 1584 1062 1654 secundum
1081 1583 1207 1682 legem
1223 1609 1306 1680 pro·

144 1685 284 1785 priam,
303 1709 378 1758 non
398 1684 606 1758 secundum
623 1683 854 1775 Ribuariam,
879 1685 1058 1755 damnum
1077 1693 1280 1759 susteneat.

251 1789 285 1862 5.
301 1784 420 1873 Quod
448 1785 478 1858 si
506 1785 543 1857 in
569 1783 766 1883 provincia
789 1784 965 1857 Ribuaria
992 1784 1179 1860 iuratores
1206 1786 1308 1860 inve-

147 1887 229 1961 nire
265 1911 340 1960 non
379 1885 564 1985 potuerit,
611 1887 655 1958 ad
690 1886 802 1985 igneo
842 1911 909 1960 seu
937 1888 981 1958 ad
1014 1899 1153 1961 sortem
1199 1912 1308 1962 excu-

148 2013 234 2062 sare
254 1989 418 2063 studeat.

655 2124 796 2196 XXXII.

254 2251 284 2318 1.
313 2245 352 2320 si
379 2245 463 2343 quis
491 2244 639 2342 legibus
668 2245 711 2316 ad
733 2245 889 2317 mallum
917 2245 1081 2318 manitus
1111 2245 1241 2336 fuerit,
1271 2257 1309 2317 et

151 2373 224 2420 non
244 2347 408 2441 venerit,
428 2345 460 2419 si
481 2365 568 2419 eum
588 2345 718 2420 sunnis
744 2371 818 2419 non
839 2346 1068 2441 detenuerit,
1100 2349 1144 2419 15
1164 2343 1307 2420 solidos

152 2447 350 2546 culpabilis
380 2447 577 2521 iudicetur.
625 2446 683 2519 ltli
721 2471 830 2540 vero,
868 2445 930 2542 qui
958 2446 1073 2518 alium
1103 2446 1240 2540 manit,
1271 2457 1308 2520 et

151 2548 231 2648 ipse
256 2573 331 2623 non
353 2547 522 2644 venerit,
551 2547 727 2622 similiter
756 2546 963 2622 15s01iu0s
991 2547 1189 2646 culpabilis
1214 2547 1309 2619 iudi-

254 2991 283 3054 2.
307 2988 400 3062 Quod
430 2988 456 3050 si
485 3006 555 3048 eum
584 3006 647 3048 non
677 2987 974 3066 repraesentaverit,
997 2986 1059 3049 tale
1086 2986 1234 3048 damnum
1257 2986 1309 3047 in-

151 3084 271 3145 currat,
302 3075 395 3153 quate
417 3072 469 3133 ille
491 3071 647 3134 sustinere
670 3072 838 3144 debuerat,
867 3070 971 3152 quiin
995 3071 1060 3131 eius
1083 3071 1238 3151 obsequio
1262 3083 1309 3132 est

149 3157 335 3238 inculpatus.

255 3245 285 3308 3.
319 3243 388 3302 Hoc
417 3248 521 3301 autern
552 3239 783 3310 constituimus,
813 3246 845 3300 ut
867 3237 951 3299 intra
985 3256 1099 3318 pagum
1127 3237 1404 3314 Ribuariumpcat.

150 3334 211 3387 tam
228 3325 351 3400 Franci,
373 3324 622 3408 Burgundiones,
646 3323 820 3395 Alamanni,
843 3342 898 3383 seu
915 3323 954 3382 de
970 3341 1166 3402 quacumque
1182 3323 1308 3383 natione

151 3419 363 3472 commoratus
391 3410 502 3479 tuerit,
529 3428 560 3469 m
583 3407 698 3470 iudicio
720 3405 947 3487 interpellatus,
971 3406 1050 3468 siout
1072 3405 1123 3467 tex
1144 3406 1204 3468 toci
1228 3425 1309 3468 con-

151 3495 243 3567 tinet,
266 3493 318 3556 ubi
339 3502 429 3555 natus
452 3492 528 3562 suit,
551 3493 595 3553 sic
616 3493 820 3572 respondeat.

254 3583 284 3645 4.
308 3577 402 3650 Quod
426 3577 453 3641 si
484 3577 651 3639 damnatus
675 3577 783 3649 tuerit,
813 3575 982 3637 secundum
1013 3577 1111 3659 legem
1136 3577 1308 3656 propriam,

151 3681 212 3723 non
241 3663 412 3725 secundum
435 3661 626 3733 Ribuariam,
651 3660 799 3722 damnum
823 3660 986 3722 sustineat.

256 3752 285 3813 5.
312 3746 404 3819 Quod
428 3746 453 3808 si
479 3746 510 3807 in
534 3745 695 3827 provincia
717 3745 867 3807 Ribuaria
892 3745 1050 3806 iuratores
1078 3745 1218 3806 invenire
1245 3763 1308 3806 non

152 3831 297 3912 potuerit,
321 3832 361 3892 ad
383 3831 487 3910 ignem
510 3849 565 3891 seu
588 3830 628 3892 ad
653 3837 773 3892 sortem
797 3849 831 3892 se
855 3849 1006 3892 excusare
1029 3831 1164 3892 studeat.

656 3959 801 4020 xxxiv.

599 4063 649 4122 De
673 4061 857 4122 mannire.

257 4167 284 4230 1.
318 4164 349 4226 Si
379 4164 448 4245 quis
481 4165 600 4246 legibus
635 4164 675 4224 ad
710 4162 837 4224 maltum
868 4163 1024 4225 mannitus
1054 4162 1155 4235 fuerit,
1188 4170 1219 4222 et
1246 4182 1308 4224 non

151 4248 280 4322 venerit,
303 4248 328 4310 si
345 4269 415 4309 eum
439 4251 546 4312 sunnis
570 4267 632 4310 non
657 4247 841 4320 detenuerit,
867 4249 904 4314 15
918 4246 1025 4310 solidis
1044 4246 1207 4327 culpabitis
1224 4247 1310 4308 iudi-

153 4342 246 4394 cetur.
272 4332 327 4396 ltle
343 4352 429 4406 vero,
453 4333 504 4414 qui
520 4335 614 4394 alium
632 4333 764 4403 mannit,
789 4331 907 4413 etipse
928 4351 991 4392 non
1013 4332 1143 4402 venerit,
1168 4332 1309 4394 similiter

155 4423 191 4482 15
215 4417 322 4479 solidis
345 4418 507 4498 culpabilis
530 4418 693 4482 iudicetur.
