3090 5258
686 475 763 532 Lex
781 473 970 532 RIBUthd.

728 669 752 722 s
770 668 872 725 corn.
891 650 930 724 A.

249 791 464 864 Ribuariam
486 789 693 887 ingenuum
714 788 909 862 demiserit
931 799 969 864 et
991 789 1179 862 dinarium
1198 789 1404 885 iactaverit,

250 904 288 966 et
319 892 488 964 eiusdem
519 889 573 963 rei
601 901 703 963 carta
729 890 930 987 acciperit,
959 890 1175 964 nuliatenus
1206 915 1293 964 eum
1325 916 1405 987 per·

250 993 436 1066 mittimus
457 992 493 1063 in
513 991 674 1065 servicio
694 990 895 1084 inclinare3
923 992 988 1065 sed
1016 992 1115 1064 sicut
1141 991 1278 1089 reliqui
1297 992 1405 1064 Ribu·

251 1093 320 1167 arii
340 1093 437 1166 liber
457 1092 677 1190 permaniat.

351 1233 385 1305 2.
418 1229 493 1304 Sed
508 1229 540 1303 si
561 1229 645 1326 quis
668 1229 704 1300 in
724 1228 965 1325 postmodum
987 1227 1198 1303 contrarius
1219 1229 1406 1324 exteterit,

251 1332 350 1430 quod
371 1356 458 1405 eum
482 1330 567 1428 quis
589 1329 774 1402 inlicitum
796 1329 927 1403 ordine
951 1329 1158 1428 ingenuum
1185 1329 1406 1424 dimisisset,

252 1445 288 1506 et
316 1431 398 1531 ipse
427 1457 513 1504 cum
536 1430 662 1529 gladio
690 1455 758 1504 suo
785 1431 858 1504 hoc
878 1431 1019 1504 studiat
1037 1432 1247 1505 defensare.
1283 1433 1358 1503 Aut
1376 1431 1406 1503 si

150 1564 172 1606 r·
189 1544 444 1606 etauctorem
459 1531 646 1626 habuerit,
659 1543 793 1604 auctor
812 1556 896 1605 cum
915 1532 1063 1630 legibus
1083 1556 1128 1604 ex
1146 1532 1219 1605 hoc
1239 1556 1326 1604 eum
1346 1533 1406 1604 ad·

251 1635 375 1708 ducat.
428 1637 504 1707 Aut
527 1633 558 1707 si
591 1632 740 1731 iegibus
771 1657 858 1705 eum
891 1657 965 1705 non
1000 1632 1168 1730 potuerit
1198 1633 1405 1727 defensare,

252 1737 297 1808 ad
318 1746 465 1832 partem
486 1734 588 1833 regis
606 1733 681 1808 200
694 1731 837 1808 solidos
861 1734 1060 1832 culpabilis
1078 1733 1278 1828 iudicetur,
1305 1745 1343 1806 et
1362 1735 1406 1806 ad

250 1847 397 1933 partem
418 1835 510 1930 eius,
540 1833 647 1907 cuius
665 1858 817 1907 servum
837 1835 1021 1908 inlicitum
1041 1835 1211 1908 ordinem
1233 1861 1253 1907 a
1274 1834 1407 1933 iugum

250 1935 442 2009 servitutis
464 1936 665 2008 obsolvere
688 1935 832 2030 nititur,
855 1937 903 2009 45
921 1936 1064 2009 solidos
1083 1935 1275 2032 multetur,
1304 1937 1407 2008 etde

252 2061 383 2110 omnes
401 2060 474 2132 res,
494 2037 592 2133 quod
613 2035 647 2108 ei
668 2036 906 2131 condonavit,
927 2036 1073 2110 alienus
1095 2037 1244 2110 existat.

330 2175 386 2260 d.
415 2172 454 2246 Si
471 2184 598 2246 autem
623 2172 889 2268 defensaverit,
916 2173 1012 2246 iiber
1031 2173 1255 2273 permaniat,
1282 2183 1320 2246 et
1339 2172 1407 2265 itti,

253 2273 316 2372 qui
337 2299 422 2348 eum
443 2273 564 2347 voluit
581 2273 778 2367 inservire,
807 2277 881 2350 200
901 2275 1044 2348 solidos
1059 2299 1164 2373 rege,
1183 2279 1232 2350 45
1247 2273 1302 2346 iili
1326 2273 1406 2371 [qui

252 2375 485 2471 defensatur]
506 2374 704 2472 culpabilis
724 2374 919 2448 iudicetur.

352 2519 386 2585 4.
412 2512 451 2586 Si
467 2524 594 2585 autem
615 2513 730 2584 homo
752 2513 958 2586 dinariatus
974 2514 1114 2610 absque
1128 2511 1255 2585 liberis
1269 2511 1409 2584 disces·

251 2612 356 2704 serit,
377 2638 450 2685 non
474 2613 592 2685 alium
613 2638 724 2708 quam
745 2613 838 2686 fisco
858 2625 988 2687 nostro
1008 2614 1188 2687 heredem
1206 2612 1407 2710 relinquat.

727 2940 872 2994 scone.
893 2923 934 2996 Β.

252 3057 406 3120 dimiserit
429 3077 485 3138 per
507 3057 672 3131 dinarium,
695 3065 727 3119 et
747 3058 887 3120 eiusdem
911 3057 957 3119 rei
978 3064 1097 3120 cartam
1121 3057 1279 3137 acciperit,
1304 3058 1410 3120 nulia-

251 3150 342 3204 tenus
366 3161 436 3203 eum
460 3141 667 3222 permittimus
690 3142 722 3203 in
745 3142 908 3205 servicium
932 3141 1096 3218 inclinare3
1119 3142 1175 3204 sed
1199 3141 1278 3204 sicut
1298 3141 1409 3222 reliqui

249 3227 390 3289 Ribuarii
411 3226 491 3288 tiber
514 3232 708 3308 permaneat.

355 3352 385 3413 2.
422 3347 483 3409 Sed
511 3348 537 3410 si
567 3346 636 3429 quis
666 3347 693 3408 ci
723 3348 925 3428 postmodum
950 3345 1126 3407 contrarius
1149 3344 1295 3416 extiterit,
1324 3345 1409 3426 quod

134 3441 174 3498 'n
188 3440 242 3489 242.
252 3450 322 3493 eum
347 3432 415 3513 quis
436 3431 679 3493 inlicitoordine
693 3431 860 3514 ingenuum
875 3430 1052 3502 dimisisset,
1076 3430 1189 3510 etipse
1205 3449 1274 3490 cum
1290 3428 1409 3510 *gladio

252 3536 310 3578 suo
329 3515 391 3577 hoc
406 3516 530 3577 studeat
546 3516 723 3577 defensare.
749 3517 810 3576 Aut
825 3515 850 3576 si
868 3522 1028 3576 auctorem
1044 3514 1199 3585 hahuerit,
1214 3520 1326 3574 auctor
1341 3532 1410 3575 cum

252 3599 372 3682 legibus
395 3618 433 3659 ex
455 3598 517 3660 hoc
539 3618 611 3660 eum
634 3600 779 3661 adducat.
819 3600 881 3660 Aut
902 3599 928 3659 si
950 3598 1070 3680 legibus
1093 3616 1165 3658 eum
1187 3617 1250 3658 non
1273 3596 1411 3678 potuerit

252 3682 428 3753 defensare,
459 3683 498 3744 ad
521 3691 644 3763 partem
659 3683 742 3763 regis
758 3685 820 3749 200
836 3681 943 3744 solidis
959 3680 1121 3761 culpabilis
1135 3680 1297 3757 indicetur,
1321 3689 1352 3743 et
1370 3680 1409 3743 ad

251 3775 376 3847 partem
397 3766 473 3836 eius,
496 3767 580 3827 cuius
605 3785 730 3828 servum
745 3765 862 3828 inlicito
879 3766 989 3827 ordine
1005 3785 1023 3827 a
1038 3765 1109 3848 iugo
1125 3764 1282 3826 servitutis
1299 3766 1411 3826 absci-

251 3869 326 3914 vere
350 3850 467 3924 nititur,
490 3855 530 3916 45
553 3850 662 3912 solidis
686 3851 841 3924 muitetur,
865 3858 896 3912 et
918 3851 958 3910 de
980 3849 1125 3912 omnibus
1147 3850 1252 3922 rebus,
1279 3869 1359 3930 quas
1382 3848 1408 3909 ei

251 3934 451 4008 condonavit,
473 3933 592 3996 alienus
615 3935 738 3997 existat.

356 4059 386 4123 3.
419 4055 451 4118 Si
474 4062 578 4118 autem
602 4075 636 4117 se
659 4055 878 4128 defensaverit,
900 4054 980 4115 liber
1001 4060 1197 4135 permaneat,
1222 4059 1252 4114 et
1274 4052 1334 4126 ille,
1358 4052 1410 4134 qui
1488 4123 1491 4130 Α

251 4159 321 4201 eum
351 4140 449 4203 voluit
477 4140 639 4215 inservire,
669 4144 732 4206 200
755 4139 863 4203 solidis
886 4137 961 4221 regi,
992 4143 1032 4204 45
1055 4137 1110 4211 illi,
1140 4137 1192 4218 qui
1216 4137 1409 4210 defensatur,

251 4223 413 4304 culpabilis
435 4224 598 4287 iudicetur.

356 4348 385 4409 4.
412 4344 442 4405 Si
458 4354 562 4406 autern
579 4345 676 4406 homo
693 4344 864 4407 dinariatus
881 4345 1002 4424 absque
1016 4341 1124 4405 liberis
1141 4341 1331 4415 discesserit,
1347 4359 1409 4401 non

250 4428 346 4490 alium
369 4427 428 4490 nisi
450 4427 559 4490 fiscum
584 4437 725 4491 nostrum
748 4429 898 4492 heredem
919 4427 1086 4508 relinquat.
