3090 5258
265 447 302 500 12
683 443 761 524 LEX
778 442 964 499 RlBUARlA.

267 617 381 681 titulus
402 615 442 680 de
463 637 579 680 eroene
624 615 699 681 iane
719 616 805 680 idem
825 613 990 700 significet
1011 621 1107 698 atque
1129 613 1245 678 titulus
1260 616 1384 681 codicis

265 699 551 784 Blankenburpici
583 637 623 764 di
657 720 694 763 eo
728 700 784 784 qui
815 707 996 762 consortem
1029 718 1123 761 suum
1157 699 1385 783 superpriserit

264 786 337 866 (tit,
353 784 405 864 60,
427 809 453 847 c.
474 784 568 847 2-5.
598 783 751 849 editionis
778 785 937 862 nostrae).
980 781 1157 845 Librarius
1182 782 1303 846 scilicet
1331 805 1383 847 co-

219 933 226 946 ,
265 867 350 932 dicis
371 889 477 932 uocem
498 866 538 931 de
553 887 667 930 sroene
690 890 762 930 cum
783 888 850 930 non
871 864 1066 950 iutelleperet
1081 866 1188 929 omisit
1202 887 1384 952 nouamque

263 950 430 1015 rubricam
457 974 473 1015 e
496 951 619 1035 primis
647 951 751 1014 uerbis
778 949 867 1014 tituli
899 947 951 1035 (Si
980 948 1051 1034 quis
1081 957 1262 1014 consortem
1290 970 1384 1012 suum

287 1034 528 1098 uantulumoum
553 1055 594 1098 ue
605 1033 842 1119 superpriserit)
858 1031 968 1117 effecit.
1003 1030 1179 1096 Tractatur
1193 1032 1382 1096 enimtitulo

264 1055 345 1202 buis
368 1116 502 1182 Sabicae
529 1054 569 1181 ie
591 1117 749 1182 cheroena
777 1117 816 1180 de
841 1138 887 1198 eo,
915 1117 974 1199 qui
1002 1115 1099 1180 atteri
1120 1118 1154 1181 ui
1177 1116 1307 1201 aliquid
1328 1138 1383 1180 rn-

258 1203 381 1285 puerit.
430 1199 504 1274 Qua
526 1203 566 1266 de
580 1223 616 1264 re
631 1202 678 1264 eis
693 1221 817 1286 quoque
832 1199 995 1285 capitibus
1009 1198 1089 1298 lepis
1103 1199 1290 1280 Ribuariae
1309 1202 1381 1285 api·

263 1293 319 1346 tur
341 1285 405 1366 (tit.
427 1284 479 1364 60,
501 1307 528 1348 c.
549 1283 661 1364 2-8),
691 1305 775 1371 quae
805 1283 844 1348 de
869 1285 905 1347 oi
932 1303 1111 1363 commissa,
1143 1283 1182 1346 de
1209 1283 1383 1347 invasione

263 1375 370 1432 terrae
399 1367 527 1432 atienae
554 1376 698 1432 tractant
727 1374 771 1450 (c.
794 1363 888 1429 2-5.
915 1366 964 1446 8),
994 1365 1188 1451 quibusdam
1217 1365 1382 1450 capitibus

264 1449 304 1514 de
326 1459 516 1516 testamento
537 1472 659 1536 regum,
681 1450 719 1515 id
740 1459 785 1513 est
805 1451 845 1514 de
857 1449 984 1534 fundo,
1010 1470 1102 1534 quem
1122 1470 1182 1512 reos
1197 1472 1263 1534 per
1280 1471 1381 1534 prae-

264 1542 389 1618 ceptum
411 1557 507 1598 suum
529 1533 697 1614 alienavit,
720 1534 855 1598 adiectis
878 1537 921 1615 (c.
938 1533 968 1596 3.
984 1534 1013 1597 6.
1030 1534 1077 1613 7).
1123 1529 1216 1606 Quae
1238 1555 1311 1597 cum
1332 1537 1382 1598 ita

265 1619 340 1698 sint,
356 1626 478 1681 tentum
491 1616 659 1682 titulorum
673 1616 804 1681 illorum
819 1615 859 1679 de
873 1636 990 1680 eroene
1013 1625 1108 1700 atque
1130 1615 1169 1680 ds
1183 1617 1382 1681 testamentis

263 1721 379 1784 regum
401 1701 565 1846 capitibus
586 1701 679 1765 2-8.
701 1699 790 1765 tituli
811 1700 862 1763 60.
892 1700 1044 1765 editionis
1066 1708 1198 1764 nostrae
1219 1709 1381 1765 seruatum

264 1805 330 1849 esse
352 1806 429 1848 conc
444 1784 541 1849 udere
561 1794 780 1868 possumus¹².

352 1865 443 1941 Quae
464 1890 516 1932 res
538 1868 630 1931 baud
646 1868 750 1952 parvi
764 1867 914 1931 momenti
928 1887 993 1930 esse
1007 1866 1089 1930 mibi
1103 1867 1241 1932 uidetur.
1284 1867 1318 1930 E
1329 1889 1380 1932 co-

265 1950 393 2014 dicibus
419 1952 505 2015 enim
531 1950 609 2031 iliis,
638 1953 696 2036 qui
723 1953 759 2016 in
781 1951 891 2015 indice
912 1950 1063 2014 rubricas
1085 1947 1124 2013 de
1145 1970 1263 2014 aroene
1285 1959 1320 2014 at
1341 1973 1381 2016 ue

264 2031 305 2097 'de
318 2035 517 2099 testamentis
532 2055 647 2118 regum
664 2043 740 2117 post
753 2037 864 2119 ipsam
878 2034 1045 2099 rubricam
1067 2031 1107 2096 de
1121 2031 1225 2098 alodis
1248 2036 1312 2116 (tit.
1321 1973 1379 2100 bb.

264 2118 417 2183 editionis
436 2122 584 2199 nostrae)
607 2118 754 2198 tradunt,
776 2118 890 2200 capita
911 2117 1005 2181 2-8.
1026 2116 1116 2182 tituli
1136 2118 1186 2183 60.
1211 2115 1285 2181 olim
1302 2127 1381 2203 post

263 2199 392 2268 titulum
412 2199 462 2265 56.
494 2201 549 2287 (de
570 2199 731 2288 alodibus)
757 2199 861 2265 bocum
888 2200 1049 2282 babuisse,
1071 2209 1188 2285 postea
1211 2209 1318 2265 autem
1342 2203 1380 2266 in

264 2282 367 2348 alium
386 2282 490 2349 locum
514 2286 577 2368 (tit.
594 2284 652 2366 60)
674 2283 839 2348 translata
853 2305 919 2348 esse
934 2293 1084 2369 apparet.
1128 2284 1269 2366 Accedit,
1293 2285 1380 2373 quod

262 2367 351 2433 tituli
373 2391 497 2455 quoque
519 2369 569 2432 63.
592 2365 647 2450 (de
668 2367 796 2431 homine
817 2367 851 2430 in
872 2365 964 2432 hoste
987 2367 1107 2452 occiso)
1132 2377 1229 2452 atque
1250 2369 1300 2433 64.
1324 2367 1379 2469 (de

262 2451 390 2517 homine
420 2451 454 2514 in
483 2450 579 2516 domo
630 2452 738 2536 ropris
765 2451 886 2536 occiso)
921 2451 1074 2516 editionis
1101 2461 1243 2534 nostrus,
1276 2475 1334 2537 quc
1363 2476 1379 2516 e

262 2536 354 2600 titubo
377 2536 427 2600 63.
449 2534 531 2621 lepis
553 2471 687 2601 Saiicae
707 2533 762 2620 (de
784 2535 912 2599 homine
933 2535 1072 2620 ingenuo
1095 2537 1150 2621 qui
1165 2535 1199 2598 in
1213 2542 1280 2600 oste
1296 2535 1378 2600 occi·

262 2616 362 2706 ditur)
386 2621 546 2704 oripinem
569 2619 744 2700 decerunt,
767 2619 929 2683 secundae
945 2621 1060 2703 partis
1079 2618 1161 2704 lepis
1182 2619 1378 2699 Ribuariae,

284 2724 346 2765 uae
368 2702 466 2788 lepem
485 2701 631 2768 Salicum
653 2703 804 2766 imitatur
825 2708 949 2786 (supra
966 2709 997 2781 b'·
1012 2703 1032 2765 2
1033 2707 1050 2785 )
1098 2712 1199 2768 artem
1220 2701 1378 2786 ffficiunt.

262 2722 306 2850 be
328 2785 491 2848 uebantur
518 2787 624 2871 ipitur
651 2785 727 2850 olim
753 2785 841 2851 tituli
866 2786 909 2849 60
956 2811 982 2849 c.
1003 2726 1115 2867 2-i).
1141 2787 1192 2850 63.
1215 2787 1267 2852 64.
1296 2785 1378 2873 lepis

261 2806 448 2934 Bibuariae
464 2877 542 2952 post
562 2867 692 2932 titulum
713 2869 764 2933 56.
787 2869 828 2933 de
848 2791 1005 2952 alodibus,
1030 2879 1149 2954 postea
1170 2871 1295 2938 demum
1312 2893 1378 2955 per

261 2949 370 3016 titulos
391 2952 526 3016 57-59.
548 2953 590 3016 60
610 2959 655 3035 (c.
679 2954 726 3033 1).
748 2953 799 3022 61.
822 2951 872 3016 62.
894 2951 962 3017 loco
983 2955 1070 3019 moti.

346 3035 556 3182 Argumentis
578 3036 722 3120 probatis
750 3037 1001 3116 demonstratur,
1033 3036 1143 3101 titulos
1171 3035 1306 3102 57-59.
1335 3037 1378 3102 60

263 3125 306 3204 (c.
324 3119 370 3200 1).
416 3121 443 3184 1.
462 3119 513 3184 62.
535 3118 617 3205 lepis
637 3120 822 3184 Ribuariae
838 3128 970 3221 postero
992 3121 1117 3186 demum
1138 3130 1276 3221 tempore
1298 3143 1376 3220 eum,

157 3202 1378 3354 ..1...tttt.ttt⁰.·ttttt”‘dtttt{tttttttttttttttttt

261 3371 424 3435 secundae
433 3372 547 3455 partis
562 3373 741 3456 compositi,
763 3371 823 3455 sed
833 3372 901 3436 iam
914 3370 1081 3455 perfectae
1098 3374 1194 3456 parti
1215 3373 1376 3436 secundae

262 3455 371 3518 additi
385 3463 471 3518 sunt.
517 3451 758 3526 Quamobrem
778 3455 932 3538 loquendi
954 3476 1078 3540 quoque
1098 3457 1193 3520 modo
1214 3455 1302 3519 tituli
1318 3457 1376 3522 isti

262 3559 284 3600 a
305 3537 450 3601 secunda
466 3545 565 3620 parte
586 3537 668 3623 lepis
682 3537 868 3602 Ribuarioe
889 3538 1087 3623 discrepant.
1130 3539 1270 3604 Numeri
1291 3541 1377 3604 enim

260 3619 439 3686 solidorum
461 3621 498 3684 in
521 3619 624 3686 titulis
646 3621 782 3686 57-62.
795 3620 872 3704 fere
892 3643 1016 3707 semper
1030 3624 1176 3686 numeris
1191 3622 1375 3687 cardinati-

260 3703 319 3767 bus
340 3704 580 3789 exprimuntur.
623 3703 728 3770 Semel
748 3714 875 3770 tontum
898 3711 914 3788 (
915 3707 961 3772 tit.
984 3705 1036 3786 58,
1058 3730 1084 3770 c.
1100 3708 1137 3787 6)
1159 3708 1288 3772 numeri
1310 3707 1376 3772 dis·

259 3787 409 3853 tributiui
441 3787 667 3873 multiplicati,
706 3787 824 3872 quibus
859 3798 974 3854 auctor
1000 3789 1162 3854 secundae
1184 3792 1298 3876 partis
1327 3792 1377 3856 uti

259 3869 347 3953 sobet,
370 3880 546 3936 occurrunt
568 3872 646 3957 (cfr,
669 3894 775 3956 supra
796 3877 826 3955 ξ.
849 3873 896 3954 3).

346 3953 437 4029 Quae
466 3977 518 4020 res
547 3956 644 4019 etiam
672 3956 747 4040 ipso
774 3963 862 4021 testu
888 3957 926 4020 in
955 3956 1061 4021 titulis
1087 3955 1224 4024 57-62.
1252 3959 1374 4022 tradito

259 4040 480 4123 confirmatur,
524 4039 689 4140 libabimus
717 4041 861 4104 enimin
883 4039 987 4105 titulis
1008 4041 1144 4106 57-62.
1173 4043 1373 4108 constitutio-

259 4171 307 4239 12)
327 4172 383 4240 cfr.
402 4175 481 4226 etiam
499 4173 581 4226 eaden
600 4173 743 4226 Gudiams
763 4171 802 4240 (B
821 4174 878 4240 19),
903 4175 951 4242 qui
968 4175 1044 4228 titulo
1064 4175 1108 4228 60.
1127 4174 1250 4228 editionis
1267 4182 1377 4229 nostrae

260 4246 348 4308 (titulo
369 4247 412 4297 62.
431 4247 534 4298 litterae
552 4249 690 4314 uulpatae)
710 4247 845 4299 rubricam
862 4248 995 4300 inscribit:
1012 4251 1055 4300 De
1074 4255 1263 4302 testamentum
1280 4265 1374 4316 regum

258 4318 564 4443 vel2de8t'rpfttitzffibus
581 4336 630 4372 seu
650 4321 685 4372 de
703 4321 817 4374 testibus
836 4321 1007 4375 adhibendis.
1100 4321 1148 4390 13)
1167 4323 1293 4390 Exceptis
1311 4323 1374 4376 sctis

258 4410 280 4444 c.
322 4419 382 4445 -.
411 4411 439 4443 s.
497 4429 503 4443 .
