3110 5232
551 447 626 502 Lux
645 445 832 503 Rl'BUARlA.

598 641 620 694 u
638 640 740 694 cono.
759 623 798 695 Α.

115 762 240 836 alieno
264 761 461 859 negutium
484 760 599 834 faciat
617 758 678 833 vel
698 760 1033 832 commutationem
1055 762 1179 834 facere
1199 785 1273 832 non

117 872 346 961 praesumat7
375 885 445 934 neo
468 860 504 934 ei
524 859 640 933 ullam
662 859 1029 934 commendationem
1049 861 1110 933 vel
1130 872 1278 934 contra·

117 963 276 1036 dicionis
300 963 427 1056 faciat,
456 986 526 1034 nec
553 986 574 1033 a
602 985 711 1034 servo
741 961 941 1058 quisquam
970 962 1272 1034 commendatam

116 1063 175 1135 vel
201 1062 377 1136 traditam
405 1087 483 1135 rem
513 1061 686 1159 accipiat.
730 1061 770 1133 Si
799 1061 882 1158 quis
912 1073 1038 1134 autem
1067 1063 1276 1159 posthaec

117 1163 385 1236 divinioionem
411 1187 561 1235 servum
589 1161 728 1260 aliquid
758 1163 1022 1256 commendare
1054 1187 1274 1260 praesump-

117 1265 219 1360 serit,
245 1263 340 1336 nihil
365 1263 535 1360 recipiat⁷
565 1274 602 1336 et
621 1261 795 1336 dominus
816 1264 896 1336 eius
927 1288 971 1336 ex
995 1263 1069 1336 hoo
1093 1264 1273 1337 innocens

115 1367 308 1438 habeatur.
358 1364 543 1437 Similiter
567 1365 611 1436 de
634 1388 753 1461 puero
778 1365 837 1436 vel
865 1365 910 1436 de
935 1363 1094 1437 muliere
1114 1363 1275 1437 alterius

117 1467 392 1540 constituimus.

626 1563 760 1635 LXXV.

214 1683 253 1758 Si
283 1683 368 1781 quis
388 1682 597 1777 caballum,
624 1682 841 1776 hominem,
868 1683 929 1756 vel
950 1683 1118 1779 qualibet
1134 1707 1213 1755 rem
1235 1684 1272 1754 in

114 1785 174 1858 via
189 1783 424 1882 propriserit⁷
447 1795 512 1856 aut
533 1808 619 1856 eum
636 1793 788 1856 secutus
805 1782 929 1877 fuerit,
950 1808 1018 1879 per
1032 1795 1108 1857 tres
1125 1809 1274 1858 marcas

114 1885 238 1982 ipsum
265 1886 459 1979 ostendat⁷
485 1884 600 1958 etsie
627 1895 758 1982 postea
784 1885 828 1956 ad
848 1908 962 1982 reges
982 1884 1165 1957 stafflum.
1206 1885 1271 1958 Sin

116 1997 242 2060 autem
269 1985 381 2059 aliter
407 1985 542 2084 agent,
570 1986 630 2058 fur
647 1985 873 2058 iudicandus
893 1995 961 2058 est.
999 1985 1104 2074 Quod
1135 1985 1166 2058 si
1188 1987 1273 2083 quis

114 2087 303 2161 latronum
323 2087 465 2184 aliquid
486 2084 641 2182 tullerit7
662 2085 838 2158 similiter
859 2086 982 2159 faciat.

617 2223 766 2294 LXXVI.

214 2341 253 2414 Si
289 2340 371 2437 quis
398 2340 598 2413 Ribuarius
635 2341 671 2412 in
700 2340 794 2414 silva
828 2364 1028 2412 commune
1063 2364 1131 2413 seu
1158 2365 1271 2438 reges

111 2442 173 2516 vel
211 2441 373 2536 alicuius
409 2441 582 2515 locadam
628 2441 874 2513 materiamen
919 2439 979 2512 vel
1015 2439 1120 2537 ligna
1155 2439 1270 2514 linata

111 2541 331 2637 abstulerit7
368 2547 411 2618 15
440 2542 583 2616 solidos
612 2542 811 2636 culpabilis
843 2541 1048 2634 iudicetur³
1090 2540 1188 2614 siout
1224 2544 1270 2616 dc

109 2683 277 2691 -.-..-..-..-
530 2681 625 2686 --———-
630 2680 1067 2690 -----——--————-v———--—-—-
1072 2682 1076 2684 -
1082 2681 1115 2685 ---
1122 2681 1271 2688 --—·—-—--

591 2749 615 2803 a
634 2749 734 2805 cono.
754 2733 796 2804 Β.

109 2870 186 2930 tium
216 2867 312 2929 faciat
334 2868 382 2928 vel
406 2867 680 2928 commutationem
703 2868 809 2928 facere
831 2874 1021 2948 praesumat,
1045 2886 1102 2927 neo
1124 2867 1151 2927 ei
1175 2867 1267 2929 ullam

111 2950 419 3013 commendationem
449 2951 497 3012 vel
521 2951 717 3011 traditionem
740 2951 844 3023 iaciat,
868 2970 966 3012 neca
989 2969 1081 3011 servo
1103 2951 1270 3031 quisquam

110 3037 363 3096 commendatam
394 3034 444 3096 vel
474 3035 622 3095 traditam
644 3054 712 3094 rem
738 3035 878 3114 accipiat.
922 3034 954 3094 Si
978 3035 1046 3114 quis
1069 3042 1175 3095 autem
1198 3043 1270 3116 post

109 3119 193 3181 banc
230 3117 445 3179 definitionem
483 3136 574 3179 servo
608 3117 725 3198 aliquid
759 3119 981 3179 commendare
1012 3119 1269 3198 praesumpserit,

110 3203 205 3264 nichil
234 3202 379 3282 recipiat,
414 3209 445 3262 et
473 3201 619 3264 dominns
653 3203 719 3263 cius
753 3204 792 3262 de
824 3202 886 3262 hoo
917 3201 1070 3262 innocens
1103 3201 1268 3265 habeatur.

110 3287 260 3350 Similiter
281 3286 322 3346 de
344 3304 444 3365 puero
468 3285 515 3347 vel
538 3287 576 3346 dc
601 3285 729 3346 muliere
751 3283 880 3347 alterius
904 3284 1127 3346 constituimus.

616 3405 767 3468 LXXVII.

398 3509 449 3569 De
472 3525 515 3568 re
536 3507 725 3587 proprisa
747 3508 814 3569 vel
837 3514 984 3569 secuta.

217 3610 249 3672 Si
276 3609 345 3691 quis
379 3610 550 3682 caballum,
577 3607 755 3680 hominem,
784 3611 834 3670 vel
864 3608 1033 3691 quamlibet
1060 3628 1126 3670 rern
1158 3611 1188 3670 in
1218 3611 1268 3672 via

108 3695 314 3776 propriserit,
348 3701 402 3755 aut
430 3713 500 3754 curn
529 3701 651 3754 secutus
680 3695 789 3767 luerit,
826 3712 883 3773 per
917 3701 982 3756 tres
1012 3712 1136 3756 marcas
1165 3694 1268 3774 ipsum

109 3778 272 3851 ostendat,
304 3785 334 3840 ot
360 3777 403 3840 sio
432 3785 542 3856 postea
572 3779 612 3838 ad
640 3777 723 3858 regis
754 3777 922 3858 stapplum.
966 3777 1018 3838 Sin
1047 3785 1153 3839 autem
1176 3779 1268 3839 aliter

110 3863 220 3944 egerit,
246 3862 297 3924 fur
317 3861 500 3924 iudicandus
524 3869 581 3923 est.
625 3859 717 3933 Quod
741 3862 767 3922 si
788 3862 856 3940 quis
878 3860 993 3923 latroni
1015 3861 1132 3941 aliquid
1154 3862 1268 3936 tulerit,

110 3947 255 4009 similiter
277 3947 380 4007 faciat.

607 4027 775 4089 LXXVlll.

332 4132 383 4191 De
406 4128 661 4191 materiamine
683 4131 743 4192 vel
765 4128 875 4211 lignis
903 4127 1045 4190 iuratis.

218 4233 249 4294 Si
272 4233 340 4314 quis
362 4231 527 4294 Ribuarius
549 4232 580 4292 in
602 4230 680 4295 silva
704 4229 861 4292 communi
887 4251 943 4292 scu
963 4231 1046 4310 regis
1067 4231 1117 4292 vel
1140 4229 1267 4292 alicuius

110 4319 215 4380 locata
239 4317 443 4378 materiamen
467 4314 517 4377 vel
537 4315 620 4396 ligna
637 4314 718 4378 'fissa
734 4314 906 4388 abstulerit,
931 4317 969 4381 15
984 4315 1092 4377 solidis
1109 4315 1268 4395 culpabilis

109 4403 282 4474 iudicetur,
312 4401 390 4463 siout
411 4401 451 4460 do
473 4399 692 4462 venationibus
715 4400 766 4461 vel
789 4399 828 4459 de
851 4398 1084 4479 piscationibus,
1108 4401 1267 4479 quianon
