3090 5258
554 479 631 538 LEX
649 480 835 538 RIBUARIA.

594 675 617 730 a
635 675 736 731 cooo.
753 659 793 731 A.

629 794 763 868 XLVII.

221 918 252 987 1.
285 912 325 987 Si
342 913 425 1010 quis
439 913 580 986 animal
594 937 706 988 suum
724 937 793 1010 per
810 912 1016 1012 vestigium
1035 914 1214 1012 sequerit,
1235 927 1272 989 et

117 1036 238 1110 usque
267 1015 387 1087 tercio
416 1013 475 1087 die
503 1015 549 1086 ad
578 1016 690 1087 domo
711 1013 818 1088 cuius
837 1015 898 1087 vel
922 1015 960 1087 in
987 1015 1156 1112 qualibet
1186 1015 1270 1090 loco

117 1138 203 1188 eum
223 1115 423 1211 invenerit,
441 1115 555 1189 liceat
574 1114 607 1188 ei
627 1117 770 1212 absque
789 1115 986 1190 interciato
1005 1139 1195 1189 revocare.

218 1235 252 1307 2.
293 1234 399 1324 Quod
428 1233 461 1308 si
492 1233 529 1306 in
566 1235 678 1306 domo
715 1233 852 1330 fuerit,
888 1245 926 1308 et
962 1234 994 1308 ei
1023 1234 1270 1331 scindinium⁷

117 1333 224 1408 cuius
245 1345 304 1408 est
322 1337 468 1431 domus,
489 1334 769 1431 contradixerit,
789 1347 830 1410 ut
847 1335 908 1409 fur
925 1336 1117 1409 habeatur.

218 1457 251 1528 3.
285 1454 393 1541 Quod
419 1453 452 1527 si
474 1453 614 1526 ibidem
638 1453 826 1528 violenter
849 1454 1042 1552 ingressus
1062 1454 1188 1549 fuerit,
1214 1466 1271 1529 ter

117 1553 253 1650 quinos
273 1554 415 1629 solidos
435 1555 627 1650 multetur,
646 1566 712 1629 aut
731 1579 816 1627 curn
836 1550 865 1630 6’
878 1555 977 1628 iurit.

619 1726 772 1800 XLVIII.

218 1845 257 1920 si
289 1847 374 1945 quis
405 1847 667 1945 procreatione
698 1845 865 1921 filiorum
897 1848 958 1920 vel
992 1845 1157 1920 filiarum
1195 1872 1271 1921 non

115 1947 302 2043 habuerit⁷
322 1973 474 2023 omnem
492 1949 714 2022 facultatem
734 1973 842 2022 suam
863 1948 900 2020 in
920 1948 1136 2046 praesentia
1155 1949 1271 2046 regis,

116 2048 196 2122 sive
223 2048 280 2122 vir
306 2048 486 2144 muliere,
506 2049 567 2122 vel
582 2049 719 2122 mulier
732 2049 826 2143 viro,
845 2074 914 2125 seu
935 2049 1161 2147 cuicumque
1180 2050 1302 2124 Iibetr·
1319 2056 1372 2106 2³⁷·

115 2150 162 2223 de
188 2149 370 2247 proximis
396 2151 457 2224 vel
481 2149 663 2244 straneis,
692 2151 873 2248 adoptare
906 2150 943 2222 in
976 2151 1188 2250 hereditate
1209 2151 1270 2224 vel

116 2249 287 2324 adfatimi
306 2251 665 2351 perscripturarum
684 2252 824 2325 seriem
847 2277 914 2326 seu
936 2276 1002 2349 per
1024 2251 1271 2325 tradicionem

117 2362 154 2424 et
171 2351 330 2426 testibus
344 2352 545 2448 adhibetis,
564 2352 769 2426 secundum
786 2352 912 2449 legem
925 2351 1141 2425 Ribuariam
1156 2351 1272 2426 licen·

115 2451 208 2524 tiam
225 2453 373 2527 babeat.

592 2711 616 2771 n
634 2716 736 2771 ooon.
755 2699 798 2770 Β.

641 2833 752 2896 XLIX.

463 2935 516 2996 De
538 2935 707 3019 vestigio
730 2936 924 2998 micando.

223 3040 251 3104 1.
280 3036 400 3117 Siquis
421 3038 537 3100 animal
561 3057 652 3101 snum
673 3058 732 3119 por
754 3038 916 3120 vestigium
939 3038 1096 3118 sequitur,
1126 3045 1156 3101 et
1177 3038 1272 3100 tertio

118 3120 167 3181 die
189 3121 220 3182 in
244 3122 338 3183 domo
361 3120 524 3184 cuiuslibet
542 3121 590 3183 vel
610 3122 641 3182 in
665 3121 804 3203 quolibet
826 3122 896 3183 loco
913 3141 985 3184 eum
999 3121 1163 3195 invenerit,
1182 3121 1275 3184 liceat

118 3205 145 3265 ei
168 3208 287 3286 absque
308 3204 470 3267 internato
493 3224 655 3269 revocare.

221 3310 251 3371 2.
282 3306 375 3380 Quod
405 3307 430 3369 si
458 3307 490 3369 in
521 3309 615 3369 domo
641 3308 748 3379 fuerit,
778 3315 809 3369 ct
836 3307 864 3369 ei
886 3308 1080 3381 scrutinium,
1110 3305 1196 3369 cuius
1226 3314 1273 3369 cst

119 3391 242 3465 domus,
264 3391 509 3465 contradixerat,
532 3399 566 3453 ot
586 3392 637 3454 sur
660 3391 824 3454 habeatur.

221 3494 251 3558 3.
282 3492 375 3566 Quod
402 3494 429 3557 si
456 3494 573 3556 ibidem
600 3493 755 3556 violenter
781 3494 941 3577 ingressus
963 3491 1070 3566 suerit,
1104 3497 1140 3560 15
1163 3492 1273 3554 solidis

118 3576 274 3649 multetur,
297 3583 351 3638 aut
372 3597 441 3640 cum
463 3582 482 3643 6
503 3578 596 3642 iuret.

675 3717 710 3780 L.

256 3818 308 3878 De
331 3817 490 3880 bomine
513 3820 580 3900 qui
602 3819 689 3882 sina
710 3819 932 3882 heredibus
955 3817 1133 3880 moritur.

223 3919 345 4002 Siquis
368 3922 620 4001 procreationem
643 3921 781 3982 filiorum
804 3921 853 3983 vel
874 3920 1011 3982 fiIIarum
1034 3940 1098 3981 non
1119 3920 1275 3993 habuerit,

118 4023 243 4066 omnem
269 4003 452 4068 facultatem
475 4005 584 4067 *suam
607 4005 638 4066 in
661 4005 842 4086 praesentia
865 4004 957 4086 regis,
985 4002 1051 4065 sive
1073 4003 1120 4064 vir
1142 4003 1325 4077 mulierI,*r·
1340 4008 1392 4058 ²³⁷·

118 4087 183 4150 sive
198 4087 309 4149 mulier
324 4088 402 4164 viro,
424 4109 479 4151 seu
496 4089 679 4170 cuicumque
700 4089 776 4149 Iibet
799 4089 838 4150 de
861 4086 1012 4169 proximu
1035 4087 1085 4148 vel
1106 4087 1274 4160 extraneis,

118 4172 274 4235 adobtara
295 4172 326 4233 in
351 4173 559 4236 hereditatam
582 4174 631 4234 vel
654 4171 795 4233 adfatimi
824 4192 881 4253 per
911 4171 1136 4251 scripturarum
1159 4171 1274 4233 seriem

118 4274 172 4317 seu
195 4275 253 4336 per
275 4257 476 4319 traditionem
498 4265 529 4318 ct
551 4257 681 4321 testibus
698 4255 856 4330 adhibitis,
874 4255 1043 4319 secundum
1060 4254 1160 4338 legem
1171 4254 1274 4317 Ribu-

118 4339 218 4401 arIam
241 4339 397 4404 boeotiam
421 4342 546 4404 babeat.
