3090 5258
300 432 337 486 42
617 431 766 493 lNDlCES
785 436 895 496 LEGIS
914 439 1126 498 RlBUARlAE.

318 607 388 662 Edit.
556 607 620 664 cod,
639 610 698 664 Α2.

299 698 392 768 35,1.
441 725 450 796 a
499 699 549 763 28.
571 700 617 796 lle
641 698 689 762 his
714 701 764 782 qui
787 723 857 764 eum

300 782 350 855 35,
363 784 392 846 2.
443 812 447 830 ν
571 802 709 864 ingenua
753 786 856 866 puella

299 866 350 937 35,
363 866 392 930 3.
441 841 451 934 l
573 867 734 930 mechatus
752 870 855 934 fuerit.

298 1200 350 1274 36,
365 1201 392 1265 1.

298 1369 350 1442 36,
362 1368 392 1431 2.

298 1535 349 1610 36,
362 1536 392 1600 3.

297 1702 350 1773 36,
363 1701 392 1766 4.
437 1579 449 1850 Ι

299 1870 351 2024 gg:
363 1871 393 2016 ἓ
498 1912 548 1978 30.
572 1914 618 1974 De
630 1911 760 1986 clericis,
776 1915 856 1978 sub-

571 1996 723 2072 diaconis,
743 1998 856 2060 diaeo-

299 2120 381 2185 367
571 2080 629 2153 nis,
652 2081 856 2165 presbyteris,

299 2166 349 2269 36⁹
363 2165 394 2268 8⁰.
571 2164 728 2247 episcopis
754 2165 857 2228 inter-

299 2247 350 2352 36’
363 2249 392 2352 9⁸
573 2248 672 2310 fectis.
731 2262 733 2266 ’

299 2373 451 2498 36’10“(
497 2415 548 2479 31.
569 2416 616 2476 De
657 2423 783 2496 partum
824 2415 855 2477 in

299 2539 414 2612 33'10·
441 2507 451 2610 t
569 2498 696 2562 femina.

300 2624 477 2695 36,11.12.
500 2625 551 2688 32.
573 2626 698 2771 lieres
727 2626 857 2703 solven-

436 1200 458 1578 i
497 1497 547 1562 29.
569 1496 615 1556 De
637 1492 823 1558 homicidiis.

299 2873 350 2937 37.
501 2875 551 2940 33.
573 2876 620 2936 De
649 2875 731 2939 dotis
760 2876 856 2939 muli-

299 3037 351 3103 38.
574 2957 695 3022 lienum.

298 3208 350 3273 39.
497 3210 547 3275 34.
569 3208 856 3308 Dehisquihomi-

570 3313 641 3355 nem
656 3305 855 3359 innocentem

298 3374 350 3438 40.
570 3377 611 3439 ad
632 3398 736 3462 regem
758 3399 856 3442 aceu-

441 3313 477 3474 i'
572 3467 630 3522 sat.

300 3542 335 3604 41
366 3544 396 3605 1.
437 3465 450 3709 l

300 3626 337 3688 41
363 3627 392 3687 2.
405 3626 435 3688 3.

300 3791 392 3865 42,1.

297 3959 350 4029 42,
362 3959 392 4021 2.
406 3793 460 4340 3}
498 3962 549 4025 35.
572 3961 618 4022 De
641 3961 773 4026 diversis
797 3985 856 4026 ve-

571 4045 750 4112 nationibus
761 4048 856 4112 lura-

571 4129 620 4194 tis.

299 4127 339 4190 43

299 4293 339 4356 44

1149 619 1208 674 at.

922 708 972 773 43.
995 708 1041 769 De
1055 725 1094 768 en
1112 707 1166 787 qui
1181 707 1341 789 ingenuam
1356 712 1437 791 puel-

994 789 1058 852 lam
1082 790 1315 856 adulteraverit.

921 957 969 1020 44.
994 958 1040 1018 De
1062 958 1173 1037 puellis
1201 959 1250 1020 vel
1277 961 1437 1024 mulieribus

994 1040 1119 1121 quaein
1131 1044 1230 1105 verbo
1245 1043 1323 1126 regis
1336 1047 1439 1108 banni-

992 1133 1045 1186 tae
1062 1126 1110 1187 vel
1126 1127 1354 1192 ecclesiasticae
1368 1139 1438 1193 sunt.

919 1208 970 1271 45.
993 1211 1039 1269 De
1069 1208 1286 1273 interfectione
1309 1214 1438 1275 advena-

994 1312 1074 1354 rum.

920 1375 970 1441 46.
993 1377 1039 1436 De
1075 1375 1294 1441 interfectione
1333 1382 1441 1442 advene

994 1461 1236 1543 Burgundionis.

920 1543 970 1606 47.
992 1545 1039 1603 De
1082 1544 1298 1609 interfectione
1333 1548 1440 1609 advene

993 1627 1136 1691 Romani.

921 1709 971 1775 48.
993 1712 1041 1772 De
1057 1712 1276 1776 interlectione
1290 1714 1441 1779 Alamanni

994 1802 1025 1855 et
1047 1795 1254 1876 reliquorum.

920 1877 970 1942 49.
992 1879 1038 1939 De
1060 1879 1281 1944 interlectione
1303 1884 1407 1946 cleriei.

921 1964 970 2027 50.
993 1963 1039 2022 De
1057 1963 1288 2061 'interiectione
1324 1969 1443 2030 subdia-

994 2066 1074 2109 coni.

921 2129 971 2194 51.
994 2131 1040 2191 De
1062 2131 1280 2196 interfectione
1303 2135 1426 2198 diaconi.

920 2214 971 2278 52.
993 2214 1442 2303 Deinterlectionepresbyteri.

921 2299 971 2361 53.
993 2299 1039 2359 De
1061 2297 1282 2365 interfectione
1307 2302 1442 2386 episcopi.

921 2381 971 2445 54.
993 2382 1444 2471 Deinlantibusinpraegnante

994 2485 1116 2529 ocensis.
1198 2535 1206 2543 ,

922 2551 971 2612 55.
994 2550 1041 2612 De
1055 2549 1124 2631 ipsa
1146 2565 1322 2634 pregnante
1343 2556 1445 2619 accisa.

921 2634 972 2696 56.
994 2634 1445 2722 Deeompnsitionibnsetqua-

993 2716 1446 2806 litersingnlespeeiesadpre-

994 2801 1124 2864 cientur.
1530 2885 1531 2888 Ἴ

920 2884 970 2946 57.
993 2885 1040 2944 De
1060 2885 1242 2950 mulieribus
1258 2891 1445 2974 desponsatis

994 2976 1025 3028 et
1046 2988 1153 3030 earum
1177 2972 1316 3039 dotibus.

919 3049 969 3114 58.
992 3053 1038 3113 De
1046 3054 1446 3123 accusationeinnoeentum

993 3137 1032 3197 ad
1056 3155 1172 3220 regem.

919 3219 970 3283 50.
993 3220 1039 3280 De
1054 3239 1092 3281 en
1114 3222 1167 3302 qni
1188 3223 1313 3287 alienae
1335 3224 1448 3288 mulieri

993 3322 1119 3365 manum
1142 3305 1314 3372 strinxerit.

919 3387 971 3451 60.
993 3388 1040 3448 De
1052 3389 1235 3450 ascensione
1247 3393 1360 3456 cavalli
1375 3413 1448 3455 con-

994 3478 1042 3531 tra
1058 3471 1250 3536 voluntatem
1264 3478 1382 3540 domini
1396 3476 1448 3542 sui.

919 3554 970 3618 61.
993 3554 1039 3614 De
1061 3554 1202 3638 ingenuis
1225 3558 1340 3642 ligatis.

917 3637 968 3700 62.
991 3638 1038 3698 De
1050 3655 1089 3700 eo
1101 3639 1153 3720 qui
1166 3661 1262 3722 super
1273 3665 1326 3709 res
1337 3646 1448 3708 alienas

992 3719 1104 3804 ligatus
1127 3721 1232 3788 fuerit.

917 3804 968 3869 63.
991 3805 1450 3874 Defurtisdiversarnmvena-

994 3889 1123 3954 tionum.

919 3971 970 4036 64.
992 3973 1450 4042 Decervisdnmitisoecisisvel

993 4055 1114 4120 furatis.

920 4140 970 4203 65.
993 4142 1040 4202 De
1062 4143 1179 4205 damno
1205 4143 1237 4204 in
1253 4147 1382 4227 sepibus
1406 4145 1451 4208 vel

994 4222 1146 4288 clausuris
1168 4225 1270 4291 factis.

919 4305 970 4369 66.
992 4307 1039 4367 De
1061 4308 1215 4372 messibus
1239 4313 1375 4376 calcatis.
