3110 5232
124 1138 316 1214 NOTITIA
343 1137 432 1211 VEL
459 1137 843 1214 COMMEMORATIO
876 1138 939 1212 DE
971 1137 1079 1211 nna
1106 1138 1244 1234 ΕΠΗΑ,

309 1255 437 1346 QUAE
463 1256 520 1332 sd
548 1259 612 1332 AD
636 1256 841 1332 AMOREM
867 1257 1059 1330 HABET1.

668 1395 697 1468 1.

209 1511 248 1585 in
265 1511 389 1611 primo
419 1512 584 1611 capitulo
612 1513 848 1588 decausis
874 1512 1124 1588 ecclesiae
1144 1514 1261 1587 etde

107 1612 211 1687 illis
240 1613 396 1688 servis
423 1613 536 1712 nei,
570 1613 652 1713 qui
680 1614 854 1688 ibidem
879 1614 1177 1709 deserviunt,
1204 1612 1261 1687 sic

107 1713 304 1812 hahemus,
324 1716 514 1814 quomodo
535 1726 573 1789 et
590 1713 655 1789 alii
674 1714 808 1789 Franci
827 1715 977 1789 habent.

662 1851 707 1926 ll.

208 1969 271 2044 De
298 1971 452 2044 banno
480 1969 722 2046 dominico
744 1969 923 2046 similiter
939 1969 1137 2064 hahemus,
1163 1967 1261 2043 sicut

109 2069 173 2143 alii
191 2069 324 2145 Franci
341 2072 493 2146 habent.

649 2172 712 2245 111.

209 2289 282 2380 Qui
296 2288 491 2364 hominem
501 2291 684 2364 Francum
700 2289 894 2384 occiderit,
910 2288 1054 2364 solidos
1069 2290 1144 2363 600
1158 2313 1260 2362 com·

109 2401 234 2490 ponat.
270 2392 326 2465 Ad
346 2415 442 2490 opus
461 2390 693 2466 dominicum
711 2389 783 2487 [et]
801 2415 868 2488 pro
894 2390 999 2463 fredo
1022 2388 1166 2463 solidos
1185 2393 1260 2466 200

110 2503 325 2590 componat.
655 2590 702 2665 W

209 2709 282 2799 Qui
313 2709 509 2786 hominem
535 2711 744 2812 ingenuum
774 2709 974 2808 occiderit,
1010 2707 1154 2784 solidos
1184 2711 1260 2784 200

110 2822 324 2909 componat,
344 2823 381 2887 et
399 2812 534 2888 exinde
554 2813 592 2887 in
609 2810 799 2886 dominico
819 2810 976 2887 terciam
994 2820 1140 2909 partem
1159 2834 1259 2885 com·

108 2922 235 3010 ponae

663 3016 703 3086 V.

209 3130 282 3221 Qui
301 3131 419 3206 lidum
438 3131 632 3230 occiderit,
650 3143 853 3230 componat
872 3131 1015 3206 solidos
1036 3133 1120 3226 100,
1140 3139 1180 3202 et
1198 3155 1259 3203 ex-

110 3231 195 3306 inde
215 3231 252 3304 in
272 3233 461 3307 dominico
480 3234 638 3308 terciam
657 3244 816 3333 partem.

652 3371 700 3444 vl

209 3487 280 3578 Qui
293 3512 444 3563 servum
455 3488 647 3588 occiderit,
659 3487 803 3563 solidos
814 3489 1086 3586 50componat.
1113 3485 1257 3560 Exinde

108 3588 144 3660 in
163 3587 367 3686 dominico,
386 3589 485 3665 sicut
503 3589 678 3687 diximus,
696 3589 855 3664 terciam
873 3599 1030 3687 partem.

646 3727 720 3800 Vll.

208 3844 249 3919 Si
274 3844 359 3944 quis
387 3870 515 3920 comes
541 3845 579 3919 in
605 3871 674 3920 suo
695 3845 876 3920 comitatu
896 3843 1045 3918 occisus
1064 3842 1196 3938 fuerit,
1221 3842 1258 3915 in

5 3955 8 3970 '
106 3942 1256 4047 tresweregildos‚sicutsuanativitasest,componereiaciat.

109 4125 133 4198 1)
152 4126 194 4180 lta
215 4125 238 4196 1,
258 4127 346 4183 cardis
364 4127 398 4181 ad
412 4122 543 4183 Amorem
562 4130 649 4184 codor
673 4125 686 4180 1
706 4129 894 4197 amaonipoit
913 4128 1030 4195 ytoaaom
1047 4127 1258 4181 internecarent:

106 4198 229 4268 gezunili
247 4203 282 4268 (i.
295 4215 319 4255 o.
330 4205 444 4271 pochim,
464 4205 627 4269 conventio),
648 4217 699 4271 quo
717 4201 824 4256 verdum
837 4216 908 4253 euna
924 4197 1075 4268 transferri,
1094 4203 1146 4252 dom
1167 4196 1259 4266 Gouo-

102 4277 173 4343 pina,
193 4275 210 4328 Ι.
230 4278 273 4328 cr't.
291 4289 318 4341 ρ.
336 4273 362 4343 7,
383 4280 455 4330 recle
474 4278 589 4343 monui&
613 4272 715 4330 Notitia
740 4273 785 4330 vel
811 4271 1032 4328 commemoratio
1053 4272 1088 4326 da
1111 4270 1165 4326 illia
1188 4287 1259 4343 quaa

105 4345 256 4400 ammoneri
276 4347 374 4402 debent
391 4347 419 4412 2,
444 4353 595 4417 corruptum
612 4348 721 4404 verdum
744 4347 893 4401 ammoneri
917 4351 1070 4414 orqomemo
1088 4349 1136 4416 eat,
1161 4345 1260 4398 orode-

105 4422 200 4546 !opggr,
211 4434 256 4545 {g
274 4435 325 4491 quo
344 4422 432 4476 codar
449 4421 469 4474 2
484 4419 573 4491 duait,
591 4423 633 4477 dic
651 4436 753 4494 qaoque
770 4421 907 4477 debuine:
932 4417 1098 4489 Ammorem,
1118 4416 1169 4488 σίν.
1186 4415 1259 4486 infra

103 4507 127 4548 a
184 4533 191 4546 .
250 4533 256 4546 .
