3110 5232
556 445 635 503 tux
653 445 841 504 urrunnu.

603 607 627 696 'n
646 641 748 697 conr.
766 624 806 698 Α.

227 763 260 836 2.
305 759 347 834 Si
367 772 493 835 autern
512 763 621 860 plura
641 786 730 836 ossa
751 762 921 857 exierint,
944 785 1012 859 pro
1034 785 1281 859 unumquem·
1295 771 1377 826 ab&

127 887 199 960 que
216 868 376 937 sonante
394 862 536 936 solidus
554 865 722 936 addatur.

227 967 261 1038 3.
298 963 407 1052 Quod
429 964 462 1037 si
481 964 603 1037 factor
622 963 832 1062 negaverit,
850 964 949 1062 quod
968 963 1055 1037 talis
1075 962 1189 1062 plaga
1206 987 1280 1036 non

126 1064 250 1161 fuerit,
275 1063 313 1137 in
333 1076 513 1161 quantum
533 1066 728 1139 confessus
747 1064 882 1159 fuerit,
908 1063 1047 1160 solvat,
1073 1072 1111 1137 et
1130 1066 1175 1137 de
1194 1063 1281 1138 reli·

126 1190 198 1265 quo
229 1189 315 1238 curn
342 1167 365 1240 6
384 1165 492 1239 iuret.
527 1167 603 1239 Aut
621 1165 653 1240 si
673 1190 748 1239 non
768 1163 940 1260 dixerit*,
967 1174 1044 1238 tam
1069 1164 1150 1262 ipse
1169 1189 1281 1263 quam

127 1265 383 1340 coniuratores
400 1266 476 1362 sui,
502 1266 564 1364 qui
585 1265 709 1341 iurare
730 1265 941 1364 coeperint,
967 1290 1052 1338 cum
1074 1268 1120 1339 15
1138 1265 1281 1339 solidos

125 1367 337 1442 restituant.

220 1465 245 1550 *)
270 1465 418 1527 direxerit
439 1467 468 1530 4.
490 1466 612 1541 8-11;
635 1465 749 1528 direxit
771 1471 807 1542 5;
832 1467 961 1526 verbum
983 1477 1085 1531 addunt
1102 1466 1217 1531 8-10.

224 1559 258 1626 4.
305 1551 413 1640 Quod
446 1552 478 1626 si
507 1551 591 1652 quis
619 1554 763 1653 absque
800 1550 987 1625 effusione
1015 1550 1210 1648 sanguinis
1242 1551 1279 1623 in

127 1676 363 1750 quacumque
393 1651 486 1727 libet
517 1655 686 1727 membro
724 1678 809 1727 osso
845 1651 1020 1751 fregerit,
1061 1651 1116 1725 bis
1142 1676 1280 1726 noveru

125 1752 268 1827 solidos
302 1752 500 1852 culpabilis
532 1754 739 1850 iudicetur,
772 1764 835 1827 aut
867 1777 952 1827 cum
982 1757 1004 1828 6
1031 1750 1148 1848 iuret,
1180 1755 1280 1850 quod

125 1879 231 1928 ossus
248 1856 389 1928 fractus
409 1880 483 1927 non
501 1855 650 1952 fuisset,
677 1866 715 1929 et
737 1866 826 1928 tunc
846 1879 918 1928 uno
938 1852 1060 1928 solido
1080 1865 1279 1951 conponat.

224 1960 258 2031 5.
305 1955 413 2044 Quod
442 1955 475 2029 si
503 1955 586 2054 quis
615 1959 755 2054 absque
783 1953 978 2030 effusionis
998 1953 1195 2054 sanguinis
1215 1955 1280 2028 alii

125 2056 332 2152 brachium,
357 2059 505 2154 pedem,
532 2058 655 2152 oculo,
674 2057 859 2152 auditum,
878 2067 1084 2154 rnucatum,
1104 2055 1279 2155 digitum,

124 2158 184 2230 vel
213 2181 450 2256 quacumque
484 2157 567 2231 libit
603 2162 772 2232 membro
811 2158 1063 2253 mancaverit,
1096 2157 1152 2231 sic
1192 2181 1279 2230 eum

126 2269 325 2356 conponat,
343 2259 415 2332 hac
434 2259 490 2334 sio
509 2283 594 2332 curn
614 2259 740 2358 gladio
761 2260 887 2356 ipsum
906 2257 1138 2332 dibilitasset.

227 2501 257 2569 1.
304 2496 345 2569 Si
366 2496 449 2595 quis
468 2498 583 2571 horno
609 2396 880 2595 relgiltlffifflelis
908 2495 1113 2591 exsteterit,
1137 2498 1182 2570 de
1200 2495 1278 2569 vita

125 2609 325 2696 conponat,
345 2610 383 2671 et
401 2621 534 2673 omnes
553 2623 615 2672 res
633 2623 720 2672 suas
739 2596 830 2672 fisco
851 2608 1089 2672 censeantur.

606 2845 751 2901 acono.
772 2828 815 2901 B.

226 2964 256 3027 2.
294 2962 325 3024 Si
353 2968 457 3023 antem
487 2963 579 3043 plura
609 2981 683 3026 ossa
704 2963 844 3036 exierint,
875 2981 935 3043 pro
961 2982 1153 3045 unoquoque
1186 2974 1372 3032 ossen-tte.

6 3067 7 3100 ³
123 3052 254 3109 sonante
276 3046 394 3108 solidus
417 3046 562 3109 addatur.

225 3132 255 3197 3.
292 3130 384 3202 Quod
408 3129 434 3192 si
456 3129 573 3192 facturn
595 3131 764 3211 negaverit,
787 3131 871 3211 quod
894 3128 964 3192 talis
987 3130 1079 3212 plaga
1096 3149 1160 3191 non
1175 3128 1277 3202 tuerit,

120 3213 150 3274 in
173 3220 325 3294 quantum
348 3214 511 3276 confessus
533 3214 634 3288 fuerit,
657 3215 770 3286 solvat,
793 3221 824 3275 et
847 3215 886 3275 de
907 3213 1031 3295 reliquo
1054 3234 1124 3275 curn
1146 3219 1165 3278 6
1187 3213 1276 3276 iuret.

121 3298 181 3360 Aut
203 3298 228 3360 si
251 3318 313 3359 non
342 3298 540 3360 direxerit
562 3300 734 3371 verbum,
761 3305 825 3358 tarn
852 3297 921 3378 ipse
943 3316 1038 3377 quarn
1061 3297 1277 3360 coniuratores

6 3411 7 3444 1
121 3381 176 3454 sui,
200 3383 254 3464 qui
275 3382 378 3444 iurare
400 3382 571 3464 coeperint,
595 3401 663 3443 cum
688 3385 726 3448 15
749 3382 857 3445 solidis
879 3382 1052 3444 restituant.

224 3469 254 3532 4.
291 3467 384 3539 Quod
415 3467 440 3528 si
470 3467 538 3547 quis
562 3468 683 3547 absque
705 3467 857 3528 effusione
879 3465 1038 3547 sanguinis
1065 3465 1097 3526 in
1120 3484 1278 3547 quocum-

121 3568 180 3628 que
209 3548 285 3614 libet
314 3552 458 3611 membro
488 3571 525 3614 os
552 3551 697 3632 fregerit,
728 3551 767 3617 18
796 3549 905 3613 solidis
928 3549 1090 3631 culpabitis
1112 3549 1277 3621 iudicetur,

6 3659 7 3684 1
120 3641 173 3694 aut
195 3638 300 3779 cumtss
314 3635 403 3708 iuret,
425 3636 509 3715 quod
534 3655 570 3698 os
592 3635 723 3696 fractum
747 3655 810 3696 nou
825 3635 943 3709 fuisset,
965 3644 997 3696 et
1018 3643 1092 3697 tuno
1109 3637 1122 3700 t
1142 3633 1276 3695 solidum

6 3727 8 3772 ὲ
119 3736 286 3798 conpone.

223 3809 252 3869 5.
284 3801 376 3876 Quod
400 3803 425 3864 si
448 3802 517 3882 quis
540 3804 660 3884 absque
683 3803 835 3866 effusione
850 3803 1009 3887 sanguinis
1025 3802 1121 3865 alium
1137 3801 1276 3877 brachio,

6 3919 7 3950 i
118 3885 209 3964 pede,
233 3886 334 3960 oculo,
358 3887 475 3960 auditu,
497 3893 649 3960 muccatu,
672 3888 778 3971 digito,
801 3887 849 3948 vel
873 3906 1069 3968 quocumque
1084 3888 1159 3949 libet
1174 3903 1276 3946 mem-

118 3970 407 4116 qqqssffiasqquerit,
438 3971 483 4034 sic
512 3991 583 4032 eum
614 3980 787 4052 conponat,
819 3990 856 4032 ac
883 3970 910 4033 si
940 3991 1010 4032 curn
1040 3971 1143 4052 gladio
1173 3969 1275 4048 ipsum

642 4139 754 4200 LXXI.

336 4222 388 4282 De
411 4241 475 4296 eo,
498 4222 565 4304 qui
587 4223 672 4306 regi
694 4221 876 4284 infidelis
901 4221 1051 4284 extitit.

225 4327 251 4389 1.
290 4323 321 4385 si
354 4325 422 4405 quis
455 4326 553 4387 bomo
586 4325 650 4408 regi
683 4323 819 4386 infidelis
849 4323 1003 4397 extiterit,
1032 4325 1072 4386 de
1098 4321 1163 4385 vita
1193 4341 1273 4384 con-

6 4467 7 4472 ,
114 4413 224 4487 ponat,
247 4414 280 4469 et
300 4426 411 4470 omues
433 4428 483 4473 ros
507 4409 574 4470 eius
596 4406 674 4470 fisco
698 4416 893 4472 censeantur.
