3090 5258
260 463 294 517 to
591 483 593 488 ’
679 461 755 518 LEX
772 458 957 518 RlBUARlA.

257 634 436 718 composita
456 635 534 715 esse,
556 637 614 719 qui
636 637 734 698 etiam
755 633 932 698 secundam
946 641 1078 717 partem
1092 631 1174 718 lepis
1188 633 1374 712 Ribnorias

256 719 385 782 conseri
409 719 459 780 sit.

306 857 307 860 ,
345 739 453 864 Udum
469 801 545 884 butio
560 800 735 866 sententiae
757 799 868 878 obstat,
887 799 975 884 quod
989 801 1094 883 capite
1114 799 1145 864 4.
1160 799 1248 865 tituli
1269 802 1374 864 nostri

256 885 404 948 Frisioni
419 884 564 948 advenae
578 883 790 984 uerepeldum
803 884 863 946 160
873 883 1049 948 solidorum
1062 883 1229 946 tribuitur.
1252 882 1373 948 Secun-

257 968 335 1032 dum
357 968 545 1052 opinionem
565 970 632 1032 oiri
653 991 690 1032 nn
712 968 785 1030 inre
806 967 994 1031 Frisionum
1017 967 1198 1031 doctissimi
1218 967 1372 1032 0100001-

257 1049 355 1134 bofen
377 1051 587 1136 uerepebdum
611 1051 671 1115 160
692 1051 870 1114 solidorum
885 1050 1035 1114 Frisioni
1047 1051 1190 1135 inpenuo
1205 1073 1245 1115 ne
1260 1059 1372 1115 octavo

256 1134 385 1216 quidem
400 1134 527 1199 succubo
543 1157 610 1198 com
637 1134 744 1213 etebat,
767 1155 838 1213 cum
855 1133 981 1196 additio
996 1135 1190 1218 sapientum,
1213 1136 1373 1218 quae160

255 1217 433 1296 solidorum
454 1159 664 1302 uerepebdbim
686 1218 800 1280 statuit
822 1215 1040 1300 (triplicatum
1054 1217 1265 1302 uerepddum
1285 1219 1372 1282 iuris

256 1300 480 1384 antiquissimi
493 1301 613 1364 Frisici
646 1321 734 1364 anno
750 1301 876 1365 demum
890 1298 961 1362 802.
984 1301 1170 1384 conscripta
1191 1303 1242 1365 sit.
1274 1299 1372 1367 Circa

256 1405 382 1446 annum
410 1392 516 1447 autem
538 1383 610 1446 785.
632 1406 712 1447 were
736 1383 841 1446 eidam
870 1382 1059 1447 Frisionam
1087 1383 1233 1447 nondum
1262 1384 1370 1468 tripli·

256 1475 373 1546 catum,
403 1466 460 1530 sed
481 1467 686 1550 duplicatum
698 1405 782 1551 jbait,
811 1473 847 1528 ut
867 1487 1025 1530 summam
1048 1466 1108 1532 106
1135 1466 1315 1531 solidorum
1344 1466 1372 1532 et

163 1578 245 1627 aros.
256 1550 338 1614 duos
358 1551 518 1612 tremisses
532 1549 680 1634 ffficeret.
713 1549 938 1613 Nibibominus
948 1571 1013 1632 pro
1029 1558 1112 1612 certo
1128 1549 1243 1615 babere
1253 1549 1371 1634 possuss

254 1656 336 1714 mus,
369 1633 407 1696 de
429 1633 580 1697 Frisione
608 1634 677 1698 iam
706 1642 781 1698 ante
808 1655 933 1697 annum
962 1633 1033 1697 800.
1060 1634 1098 1697 in
1125 1635 1232 1718 capite
1259 1643 1370 1699 nostro

254 1716 336 1816 lepis
351 1717 536 1781 Ribuariae
551 1717 648 1782 verba
662 1715 742 1797 fleri
763 1724 792 1780 et
806 1716 980 1801 uerepddo
999 1717 1059 1781 160
1078 1717 1255 1782 solidorum
1272 1739 1371 1803 prae-

254 1800 359 1864 ditum
388 1823 460 1864 eum
482 1799 605 1883 fuisse.
666 1800 784 1863 Omnes
811 1800 897 1864 enim
926 1799 1051 1863 codices
1077 1799 1158 1886 lepis
1185 1800 1370 1866 Ribuariae

254 1883 437 1947 Fbisionem
457 1883 495 1947 in
518 1883 624 1968 capite
645 1891 754 1948 nostro
772 1882 899 1964 babent,
920 1884 1008 1966 quod
1021 1882 1103 1968 fleri
1117 1905 1183 1948 non
1230 1887 1369 1966 otuisset,

254 1968 284 2032 si
294 1967 403 2029 misto
419 1967 522 2030 teatui
536 1967 680 2052 pennino
696 1965 862 2050 defuisset.
885 1966 1029 2046 Accedit,
1045 1968 1132 2051 quod
1143 1991 1178 2032 co
1205 1990 1244 2031 eac
1255 1969 1370 2032 Mono-

254 2049 359 2113 censis
381 2049 468 2132 (cod.
482 2049 512 2112 '4
533 2058 639 2114 tentus
661 2049 720 2130 A),
743 2050 809 2134 qui,
832 2049 950 2112 utrobi
972 2051 1009 2112 ui
1031 2052 1165 2131 codices,
1187 2053 1370 2116 Frisionem

253 2132 387 2214 enbibet,
412 2132 560 2218 fortasse
588 2133 656 2196 iam
683 2133 721 2196 in
746 2133 817 2214 fine
846 2072 970 2197 saeculi
996 2135 1117 2214 octavi,
1149 2143 1231 2200 certe
1258 2139 1369 2220 primo

252 2216 348 2280 mitio
371 2215 497 2280 saecuti
516 2217 598 2281 noni
618 2224 776 2280 enaratus
798 2225 851 2280 est.
885 2215 954 2278 Len
969 2216 1135 2281 Ribuaria
1150 2239 1227 2304 erpo
1249 2218 1307 2282 abs
1330 2241 1369 2283 ue

254 2299 352 2364 dubio
366 2299 516 2364 Frisioni
536 2298 747 2384 weregeldum
770 2298 831 2361 160
851 2298 1029 2363 solidorum
1051 2321 1086 2364 eo
1108 2309 1167 2364 tem
1194 2322 1247 2366 ore
1269 2241 1369 2384 dedit,

253 2405 326 2474 quo,
349 2385 380 2446 si
392 2382 507 2468 fontes
528 2385 613 2448 iuris
632 2383 757 2448 ,Frisioi
779 2384 952 2468 sequimur,
975 2384 1152 2448 secundum
1163 2324 1273 2470 bepem
1293 2385 1367 2449 Fri-

251 2469 380 2531 sionum
395 2467 453 2531 boc
468 2466 678 2552 weregeldum
693 2466 840 2530 nondum
854 2467 884 2528 ei
898 2467 1100 2552 competebat.
1129 2465 1225 2542 Quod
1238 2468 1367 2532 succubo

252 2559 340 2614 sento
362 2551 469 2614 eodem
490 2553 564 2614 iure
583 2550 663 2632 fieri
710 2551 799 2630 otnit,
830 2571 892 2634 quo
914 2550 1043 2614 succubo
1067 2561 1187 2616 octavo.
1230 2551 1368 2616 Nullum

250 2635 357 2718 ipitur
378 2643 605 2719 arpumentnm
627 2657 643 2698 e
655 2573 810 2716 antibus
831 2635 918 2697 iuris
932 2634 1054 2698 Frisici
1071 2635 1110 2699 de
1132 2644 1281 2720 tempore,
1304 2659 1366 2722 quo

251 2715 364 2789 titubas
385 2725 493 2780 noster
515 2725 686 2800 conceptus
707 2717 759 2794 sit,
782 2716 931 2782 deriuari
947 2725 1056 2801 potest
1064 2727 1098 2782 ¹⁰.

340 2799 453 2864 Utrum
482 2808 596 2865 auctor
625 2803 784 2862 secundae
803 2800 918 2882 partis
945 2797 1074 2864 titulum
1095 2801 1146 2868 36.
1169 2801 1276 2868 eodem
1297 2801 1365 2867 loco

245 2885 405 2968 posuerit,
421 2905 483 2968 qno
498 2905 586 2946 nunc
600 2883 638 2946 in
651 2882 816 2946 codicibus
828 2885 950 2948 nostris
963 2886 1201 2970 manuscriptis
1216 2888 1365 2968 occurrit,

249 2987 364 3048 necne,
399 2968 437 3031 in
470 2965 567 3032 dubio
599 2964 848 3054 relinquendum
880 2975 934 3031 est.
996 2967 1151 3032 Ordinem
1185 2971 1365 3054 penuinum

248 3047 417 3114 titulorum
438 3050 475 3114 in
497 3049 662 3114 codicibus
689 3050 927 3134 manuscriptis
955 3072 1023 3139 non
1051 3073 1114 3115 sem
1139 3073 1175 3116 cr
1201 3062 1365 3116 servatum

249 3155 325 3213 esse,
337 3155 377 3196 eu
387 3135 442 3214 iis,
455 3155 537 3218 quae
549 3155 624 3198 mou
631 3134 773 3198 dicenda
784 3134 970 3216 sunt(35.b),
982 3156 1003 3196 a
1024 3075 1166 3220 parebit.
1185 3135 1230 3200 Ca
1255 3139 1304 3200 ita
1315 3137 1364 3200 11.

249 3225 278 3278 et
303 3217 351 3280 12.
372 3217 459 3280 tituli
487 3219 593 3281 nostri
618 3220 655 3282 in
686 3218 795 3283 codice
822 3217 965 3300 5,(teut.
1019 3223 1036 3299 )
1059 3228 1138 3303 post
1163 3157 1291 3284 titubbcm
1313 3219 1364 3286 04.-

249 3300 403 3366 editionis
426 3310 567 3382 nostrae,
589 3300 627 3365 id
648 3309 694 3364 est
714 3303 757 3365 in
765 3301 836 3386 fine
857 3302 1019 3366 secundae
1037 3305 1148 3386 portis
1168 3302 1362 3389 0090010000-

249 3385 354 3464 ariae,
385 3384 587 3450 inseruntur.
630 3385 778 3464 Accedit,
806 3384 894 3469 quod
915 3384 995 3449 ordo
1016 3385 1183 3450 titulorum
1204 3410 1276 3451 aum
1296 3387 1365 3487 bepe

248 3465 364 3532 Salioa
386 3489 606 3532 conmodorum
627 3489 692 3550 per
719 3467 848 3531 titulum
873 3469 924 3534 36.
946 3469 1207 3554 interrumpitur.
1254 3471 1363 3544 Consi·

248 3572 317 3614 cere
338 3550 444 3633 ipitur
459 3570 645 3632 possumus,
665 3548 793 3613 titulum
808 3550 859 3614 36.
876 3549 915 3612 ob
932 3551 1062 3614 auctore
1077 3553 1238 3618 secundae
1254 3555 1365 3638 partis

247 3635 284 3698 in
298 3633 370 3714 fine
393 3633 500 3715 operis
521 3632 576 3694 sui
594 3637 688 3780 {post
708 3632 838 3696 titulum
860 3632 917 3714 64)
941 3634 1090 3698 additum
1108 3634 1232 3718 fuisse,
1265 3646 1301 3700 ut
1327 3638 1364 3705 id

246 3737 372 3862 guoque
392 3719 456 3796 ius,
485 3737 547 3800 quo
571 3738 592 3778 a
616 3738 717 3780 uenae
738 3724 768 3780 et
789 3715 899 3780 clerici
919 3718 956 3781 in
974 3740 1066 3803 papo
1089 3719 1252 3789 Ribuario
1265 3720 1362 3806 frue-

267 3807 377 3878 antur,
399 3807 580 3862 enarraret.

334 3881 455 3966 Capita
473 3883 519 3945 11.
536 3891 564 3944 et
581 3881 629 3944 12.
645 3882 734 3948 tituli
755 3884 869 3964 nostri,
891 3884 1007 3966 quibus
1029 3885 1069 3954 de
1090 3886 1248 3951 solutione
1269 3910 1362 3952 scere-

246 3963 335 4051 901άὶ
356 3969 479 4050 apitur,
501 3989 573 4031 cum
588 3975 675 4030 arcte
689 3989 762 4030 cum
778 3967 1050 4052 praecedentibus
1065 3971 1230 4055 capitibus
1251 3971 1363 4051 1-10,

247 4070 331 4195 puae
346 4049 385 4112 de
400 4071 525 4113 summu
540 4049 711 4135 noerepebdi
724 4059 878 4130 tractant,
894 4052 977 4115 mibi
990 4052 1167 4117 videantur
1181 4053 1362 4134 cohaerere,

270 4155 327 4197 aec
359 4153 484 4216 quoque
517 4133 557 4196 ab
591 4143 722 4198 auctore
756 4134 919 4198 secundae
945 4137 1058 4219 partis
1090 4138 1269 4220 composita
1296 4159 1364 4200 esse

246 4216 507 4280 cocistimaoerim.

247 4355 292 4418 10)
318 4354 495 4420 Werepeldum
514 4373 615 4423 quoqne
634 4358 847 4425 Burpundionis,
868 4359 938 4424 cuod
952 4359 1150 4412 titulusncster
1168 4377 1189 4411 c.
1210 4360 1235 4413 2.
1263 4361 1362 4425 sonuit

246 4444 265 4482 a
283 4428 339 4498 leae
357 4427 583 4496 Barpundionum
602 4430 733 4484 abhorret.
1191 4452 1192 4456 ¹
1315 4428 1317 4431 ’
