<?xml version="1.0" encoding="UTF-8"?>
<!DOCTYPE html PUBLIC "-//W3C//DTD XHTML 1.0 Transitional//EN"
    "http://www.w3.org/TR/xhtml1/DTD/xhtml1-transitional.dtd">
<html xmlns="http://www.w3.org/1999/xhtml" xml:lang="en" lang="en">
 <head>
  <title>
</title>
<meta http-equiv="Content-Type" content="text/html;charset=utf-8" />
  <meta name='ocr-system' content='tesseract 3.04.00' />
  <meta name='ocr-capabilities' content='ocr_page ocr_carea ocr_par ocr_line ocrx_word'/>
</head>
<body>
  <div class='ocr_page' id='page_1' title='image "./lexribuariaetle00sohmgoog/lexribuariaetle00sohmgoog_0123.png"; bbox 0 0 3110 5232; ppageno 0'>
   <div class='ocr_carea' id='block_1_1' title="bbox 379 1402 916 1558">
    <p class='ocr_par' dir='ltr' id='par_1_1' title="bbox 379 1402 916 1558">
     <span class='ocr_line' id='line_1_1' title="bbox 379 1402 916 1558; baseline 0 -5"><span class='ocrx_word' id='word_1_1' title='bbox 379 1495 383 1505; x_wconf 90' lang='lat'>·</span> <span class='ocrx_word' id='word_1_2' title='bbox 458 1402 916 1558; x_wconf 80' lang='lat' dir='ltr'><strong>PRAEFATIO.</strong></span> 
     </span>
    </p>
   </div>
   <div class='ocr_carea' id='block_1_2' title="bbox 110 1681 1266 2871">
    <p class='ocr_par' dir='ltr' id='par_1_2' title="bbox 110 1681 1266 2871">
     <span class='ocr_line' id='line_1_2' title="bbox 199 1681 1265 1787; baseline 0.002 -23"><span class='ocrx_word' id='word_1_3' title='bbox 199 1681 295 1777; x_wconf 79' lang='lat' dir='ltr'><strong>Quid</strong></span> <span class='ocrx_word' id='word_1_4' title='bbox 323 1700 386 1764; x_wconf 85' lang='lat' dir='ltr'><strong>sibi</strong></span> <span class='ocrx_word' id='word_1_5' title='bbox 406 1700 483 1765; x_wconf 88' lang='lat' dir='ltr'><strong>uelit</strong></span> <span class='ocrx_word' id='word_1_6' title='bbox 504 1702 608 1767; x_wconf 86' lang='lat' dir='ltr'><strong>breoie</strong></span> <span class='ocrx_word' id='word_1_7' title='bbox 629 1725 669 1766; x_wconf 89' lang='lat' dir='ltr'><strong>ee</strong></span> <span class='ocrx_word' id='word_1_8' title='bbox 690 1700 754 1784; x_wconf 78' lang='lat' dir='ltr'><strong>len,</strong></span> <span class='ocrx_word' id='word_1_9' title='bbox 782 1724 882 1787; x_wconf 78' lang='lat' dir='ltr'><strong>quom</strong></span> <span class='ocrx_word' id='word_1_10' title='bbox 910 1702 997 1766; x_wconf 89' lang='lat' dir='ltr'><strong>docti</strong></span> <span class='ocrx_word' id='word_1_11' title='bbox 1022 1710 1138 1767; x_wconf 86' lang='lat' dir='ltr'><strong>nostru</strong></span> <span class='ocrx_word' id='word_1_12' title='bbox 1161 1709 1265 1766; x_wconf 85' lang='lat' dir='ltr'><strong>aetate</strong></span> 
     </span>
     <span class='ocr_line' id='line_1_3' title="bbox 110 1783 1266 1870; baseline 0.002 -24"><span class='ocrx_word' id='word_1_13' title='bbox 110 1783 212 1870; x_wconf 62' lang='lat' dir='ltr'><strong>lenem</strong></span> <span class='ocrx_word' id='word_1_14' title='bbox 226 1785 431 1848; x_wconf 78' lang='lat' dir='ltr'><strong><em>Francorum</em></strong></span> <span class='ocrx_word' id='word_1_15' title='bbox 450 1783 688 1851; x_wconf 79' lang='lat' dir='ltr'><strong>Cbomouornm</strong></span> <span class='ocrx_word' id='word_1_16' title='bbox 711 1809 756 1870; x_wconf 76' lang='lat' dir='ltr'><strong>on</strong></span> <span class='ocrx_word' id='word_1_17' title='bbox 783 1785 882 1850; x_wconf 86' lang='lat' dir='ltr'><strong>ellare</strong></span> <span class='ocrx_word' id='word_1_18' title='bbox 903 1784 1015 1867; x_wconf 84' lang='lat' dir='ltr'><strong>solent,</strong></span> <span class='ocrx_word' id='word_1_19' title='bbox 1036 1795 1145 1850; x_wconf 87' lang='lat' dir='ltr'><strong>tenore</strong></span> <span class='ocrx_word' id='word_1_20' title='bbox 1166 1783 1266 1850; x_wconf 82' lang='lat' dir='ltr'><em>libelli</em></span> 
     </span>
     <span class='ocr_line' id='line_1_4' title="bbox 111 1810 1266 1952; baseline -0.001 -20"><span class='ocrx_word' id='word_1_21' title='bbox 111 1870 223 1952; x_wconf 71' lang='lat' dir='ltr'><strong>ipsius</strong></span> <span class='ocrx_word' id='word_1_22' title='bbox 243 1869 326 1933; x_wconf 86' lang='lat' dir='ltr'><strong>satis</strong></span> <span class='ocrx_word' id='word_1_23' title='bbox 347 1869 600 1934; x_wconf 80' lang='lat' dir='ltr'><strong>demonstratur.</strong></span> <span class='ocrx_word' id='word_1_24' title='bbox 633 1810 832 1935; x_wconf 73' lang='lat' dir='ltr'><strong>Inscribitur</strong></span> <span class='ocrx_word' id='word_1_25' title='bbox 852 1869 905 1933; x_wconf 83' lang='lat' dir='ltr'><strong>len</strong></span> <span class='ocrx_word' id='word_1_26' title='bbox 927 1870 978 1935; x_wconf 79' lang='lat' dir='ltr'><strong>liis</strong></span> <span class='ocrx_word' id='word_1_27' title='bbox 1000 1869 1122 1934; x_wconf 81' lang='lat' dir='ltr'><strong>uerbis:</strong></span> <span class='ocrx_word' id='word_1_28' title='bbox 1144 1868 1266 1932; x_wconf 86' lang='lat' dir='ltr'><strong>Notitia</strong></span> 
     </span>
     <span class='ocr_line' id='line_1_5' title="bbox 111 1949 1265 2039; baseline 0.002 -24"><span class='ocrx_word' id='word_1_29' title='bbox 111 1949 165 2015; x_wconf 88' lang='lat' dir='ltr'><strong>vel</strong></span> <span class='ocrx_word' id='word_1_30' title='bbox 186 1953 449 2016; x_wconf 84' lang='lat' dir='ltr'><strong>commemoratio</strong></span> <span class='ocrx_word' id='word_1_31' title='bbox 476 1953 517 2018; x_wconf 89' lang='lat' dir='ltr'><strong>de</strong></span> <span class='ocrx_word' id='word_1_32' title='bbox 543 1953 716 2035; x_wconf 77' lang='lat' dir='ltr'><strong>illucens,</strong></span> <span class='ocrx_word' id='word_1_33' title='bbox 745 1974 827 2039; x_wconf 85' lang='lat' dir='ltr'><strong>quae</strong></span> <span class='ocrx_word' id='word_1_34' title='bbox 855 1975 890 2018; x_wconf 84' lang='lat' dir='ltr'><strong>se</strong></span> <span class='ocrx_word' id='word_1_35' title='bbox 918 1953 961 2017; x_wconf 88' lang='lat' dir='ltr'><strong>ad</strong></span> <span class='ocrx_word' id='word_1_36' title='bbox 982 1953 1136 2016; x_wconf 85' lang='lat' dir='ltr'><strong>Amorem</strong></span> <span class='ocrx_word' id='word_1_37' title='bbox 1157 1951 1265 2018; x_wconf 87' lang='lat' dir='ltr'><strong>habet.</strong></span> 
     </span>
     <span class='ocr_line' id='line_1_6' title="bbox 111 2035 1265 2123; baseline 0 -23"><span class='ocrx_word' id='word_1_38' title='bbox 111 2037 176 2100; x_wconf 88' lang='lat' dir='ltr'><strong>Bis</strong></span> <span class='ocrx_word' id='word_1_39' title='bbox 198 2038 235 2100; x_wconf 92' lang='lat' dir='ltr'><strong>in</strong></span> <span class='ocrx_word' id='word_1_40' title='bbox 257 2045 408 2103; x_wconf 77' lang='lat' dir='ltr'><strong>contentu</strong></span> <span class='ocrx_word' id='word_1_41' title='bbox 430 2035 511 2123; x_wconf 62' lang='lat' dir='ltr'><strong>lenis</strong></span> <span class='ocrx_word' id='word_1_42' title='bbox 533 2043 578 2119; x_wconf 88' lang='lat' dir='ltr'><strong>(c.</strong></span> <span class='ocrx_word' id='word_1_43' title='bbox 590 2039 641 2101; x_wconf 81' lang='lat'><strong>26.</strong></span> <span class='ocrx_word' id='word_1_44' title='bbox 656 2038 716 2117; x_wconf 79' lang='lat'><strong>28)</strong></span> <span class='ocrx_word' id='word_1_45' title='bbox 731 2038 771 2102; x_wconf 86' lang='lat' dir='ltr'><strong>de</strong></span> <span class='ocrx_word' id='word_1_46' title='bbox 782 2037 881 2122; x_wconf 87' lang='lat' dir='ltr'><strong>furto</strong></span> <span class='ocrx_word' id='word_1_47' title='bbox 896 2037 929 2100; x_wconf 89' lang='lat' dir='ltr'><strong>in</strong></span> <span class='ocrx_word' id='word_1_48' title='bbox 945 2038 1065 2101; x_wconf 86' lang='lat' dir='ltr'><strong>Amore</strong></span> <span class='ocrx_word' id='word_1_49' title='bbox 1082 2035 1265 2121; x_wconf 87' lang='lat' dir='ltr'><strong>(Ammore)</strong></span> 
     </span>
     <span class='ocr_line' id='line_1_7' title="bbox 112 2119 1266 2206; baseline 0 -22"><span class='ocrx_word' id='word_1_50' title='bbox 112 2121 279 2184; x_wconf 81' lang='lat' dir='ltr'><strong>commisso</strong></span> <span class='ocrx_word' id='word_1_51' title='bbox 303 2121 426 2206; x_wconf 72' lang='lat' dir='ltr'><strong>aqitur.</strong></span> <span class='ocrx_word' id='word_1_52' title='bbox 475 2121 583 2186; x_wconf 90' lang='lat' dir='ltr'><strong>Verbis</strong></span> <span class='ocrx_word' id='word_1_53' title='bbox 605 2123 646 2185; x_wconf 89' lang='lat' dir='ltr'><strong>ad</strong></span> <span class='ocrx_word' id='word_1_54' title='bbox 668 2119 832 2203; x_wconf 86' lang='lat' dir='ltr'><strong>Amorem,</strong></span> <span class='ocrx_word' id='word_1_55' title='bbox 854 2121 887 2184; x_wconf 89' lang='lat' dir='ltr'><strong>in</strong></span> <span class='ocrx_word' id='word_1_56' title='bbox 909 2119 1029 2184; x_wconf 86' lang='lat' dir='ltr'><strong>Amore</strong></span> <span class='ocrx_word' id='word_1_57' title='bbox 1051 2130 1172 2184; x_wconf 84' lang='lat' dir='ltr'><strong>terrum</strong></span> <span class='ocrx_word' id='word_1_58' title='bbox 1194 2143 1266 2186; x_wconf 89' lang='lat' dir='ltr'><strong>eum</strong></span> 
     </span>
     <span class='ocr_line' id='line_1_8' title="bbox 112 2202 1266 2289; baseline -0.003 -21"><span class='ocrx_word' id='word_1_59' title='bbox 112 2204 313 2289; x_wconf 73' lang='lat' dir='ltr'><strong>siqnificori,</strong></span> <span class='ocrx_word' id='word_1_60' title='bbox 371 2227 434 2268; x_wconf 88' lang='lat' dir='ltr'><strong>uae</strong></span> <span class='ocrx_word' id='word_1_61' title='bbox 468 2206 506 2269; x_wconf 88' lang='lat' dir='ltr'><strong>in</strong></span> <span class='ocrx_word' id='word_1_62' title='bbox 542 2205 742 2270; x_wconf 72' lang='lat' dir='ltr'><strong>documentis</strong></span> <span class='ocrx_word' id='word_1_63' title='bbox 777 2203 902 2270; x_wconf 85' lang='lat' dir='ltr'><strong>soeculi</strong></span> <span class='ocrx_word' id='word_1_64' title='bbox 937 2206 1019 2269; x_wconf 91' lang='lat' dir='ltr'><strong>noni</strong></span> <span class='ocrx_word' id='word_1_65' title='bbox 1055 2202 1266 2285; x_wconf 84' lang='lat' dir='ltr'><strong>Hamarland,</strong></span> 
     </span>
     <span class='ocr_line' id='line_1_9' title="bbox 111 2285 1266 2374; baseline 0 -23"><span class='ocrx_word' id='word_1_66' title='bbox 111 2285 298 2370; x_wconf 82' lang='lat' dir='ltr'><strong>Hamalant,</strong></span> <span class='ocrx_word' id='word_1_67' title='bbox 360 2286 542 2371; x_wconf 76' lang='lat' dir='ltr'><strong>ammelant,</strong></span> <span class='ocrx_word' id='word_1_68' title='bbox 569 2287 755 2352; x_wconf 89' lang='lat' dir='ltr'><strong>Hamuland</strong></span> <span class='ocrx_word' id='word_1_69' title='bbox 777 2286 976 2374; x_wconf 76' lang='lat' dir='ltr'><strong>appelletur,</strong></span> <span class='ocrx_word' id='word_1_70' title='bbox 1004 2288 1215 2352; x_wconf 75' lang='lat' dir='ltr'><strong>Frisionibus</strong></span> <span class='ocrx_word' id='word_1_71' title='bbox 1237 2297 1266 2351; x_wconf 91' lang='lat' dir='ltr'><strong>et</strong></span> 
     </span>
     <span class='ocr_line' id='line_1_10' title="bbox 112 2370 1265 2458; baseline -0.003 -20"><span class='ocrx_word' id='word_1_72' title='bbox 112 2370 305 2438; x_wconf 72' lang='lat' dir='ltr'><strong>Semonibus</strong></span> <span class='ocrx_word' id='word_1_73' title='bbox 319 2372 545 2458; x_wconf 61' lang='lat' dir='ltr'><strong>(Meconem)</strong></span> <span class='ocrx_word' id='word_1_74' title='bbox 567 2373 713 2437; x_wconf 86' lang='lat' dir='ltr'><strong>vicinam</strong></span> <span class='ocrx_word' id='word_1_75' title='bbox 727 2371 807 2456; x_wconf 76' lang='lat' dir='ltr'><strong>(efm</strong></span> <span class='ocrx_word' id='word_1_76' title='bbox 823 2395 849 2437; x_wconf 90' lang='lat' dir='ltr'><strong>c.</strong></span> <span class='ocrx_word' id='word_1_77' title='bbox 864 2371 991 2437; x_wconf 80' lang='lat'><strong>27-29</strong></span> <span class='ocrx_word' id='word_1_78' title='bbox 1009 2370 1091 2456; x_wconf 73' lang='lat' dir='ltr'><strong>leqis</strong></span> <span class='ocrx_word' id='word_1_79' title='bbox 1104 2375 1265 2451; x_wconf 85' lang='lat' dir='ltr'><strong>nostrae),</strong></span> 
     </span>
     <span class='ocr_line' id='line_1_11' title="bbox 110 2453 1265 2541; baseline 0.002 -25"><span class='ocrx_word' id='word_1_80' title='bbox 110 2464 282 2540; x_wconf 83' lang='lat' dir='ltr'><strong>procerte</strong></span> <span class='ocrx_word' id='word_1_81' title='bbox 312 2455 426 2518; x_wconf 85' lang='lat' dir='ltr'><strong>baberi</strong></span> <span class='ocrx_word' id='word_1_82' title='bbox 449 2465 586 2541; x_wconf 79' lang='lat' dir='ltr'><strong>potest1.</strong></span> <span class='ocrx_word' id='word_1_83' title='bbox 633 2456 760 2520; x_wconf 88' lang='lat' dir='ltr'><strong>Nomen</strong></span> <span class='ocrx_word' id='word_1_84' title='bbox 784 2477 877 2540; x_wconf 68' lang='lat' dir='ltr'><strong>pono</strong></span> <span class='ocrx_word' id='word_1_85' title='bbox 906 2455 1066 2520; x_wconf 82' lang='lat' dir='ltr'><strong>dederunt</strong></span> <span class='ocrx_word' id='word_1_86' title='bbox 1095 2453 1265 2535; x_wconf 75' lang='lat' dir='ltr'><strong>Cleomeni,</strong></span> 
     </span>
     <span class='ocr_line' id='line_1_12' title="bbox 112 2538 1265 2624; baseline -0.001 -22"><span class='ocrx_word' id='word_1_87' title='bbox 112 2548 203 2602; x_wconf 84' lang='lat' dir='ltr'><strong>vetus</strong></span> <span class='ocrx_word' id='word_1_88' title='bbox 225 2548 321 2624; x_wconf 79' lang='lat' dir='ltr'><strong>utque</strong></span> <span class='ocrx_word' id='word_1_89' title='bbox 335 2538 453 2603; x_wconf 86' lang='lat' dir='ltr'><strong>inclita</strong></span> <span class='ocrx_word' id='word_1_90' title='bbox 468 2541 584 2604; x_wconf 83' lang='lat' dir='ltr'><strong>civitas</strong></span> <span class='ocrx_word' id='word_1_91' title='bbox 601 2538 852 2620; x_wconf 77' lang='lat' dir='ltr'><strong>Germanorum,</strong></span> <span class='ocrx_word' id='word_1_92' title='bbox 896 2562 959 2603; x_wconf 86' lang='lat' dir='ltr'><strong>uae</strong></span> <span class='ocrx_word' id='word_1_93' title='bbox 972 2541 1041 2604; x_wconf 86' lang='lat' dir='ltr'><strong>iam</strong></span> <span class='ocrx_word' id='word_1_94' title='bbox 1057 2539 1170 2603; x_wconf 84' lang='lat' dir='ltr'><strong>Tacito</strong></span> <span class='ocrx_word' id='word_1_95' title='bbox 1186 2547 1265 2602; x_wconf 88' lang='lat' dir='ltr'><strong>notu</strong></span> 
     </span>
     <span class='ocr_line' id='line_1_13' title="bbox 113 2562 1265 2707; baseline 0 -22"><span class='ocrx_word' id='word_1_96' title='bbox 113 2621 258 2706; x_wconf 83' lang='lat' dir='ltr'><strong>(Annol.</strong></span> <span class='ocrx_word' id='word_1_97' title='bbox 280 2623 375 2704; x_wconf 84' lang='lat' dir='ltr'><strong><em>XIII,</em></strong></span> <span class='ocrx_word' id='word_1_98' title='bbox 398 2646 424 2688; x_wconf 87' lang='lat' dir='ltr'><strong>e.</strong></span> <span class='ocrx_word' id='word_1_99' title='bbox 439 2624 491 2687; x_wconf 77' lang='lat'><strong>55.</strong></span> <span class='ocrx_word' id='word_1_100' title='bbox 528 2623 710 2690; x_wconf 76' lang='lat' dir='ltr'><strong>Germania</strong></span> <span class='ocrx_word' id='word_1_101' title='bbox 731 2647 758 2686; x_wconf 89' lang='lat' dir='ltr'><strong>c.</strong></span> <span class='ocrx_word' id='word_1_102' title='bbox 774 2623 825 2688; x_wconf 88' lang='lat'><strong>33.</strong></span> <span class='ocrx_word' id='word_1_103' title='bbox 840 2562 899 2704; x_wconf 65' lang='lat' dir='ltr'><strong>alb</strong></span> <span class='ocrx_word' id='word_1_104' title='bbox 915 2632 1034 2707; x_wconf 77' lang='lat' dir='ltr'><strong>postea</strong></span> <span class='ocrx_word' id='word_1_105' title='bbox 1053 2644 1139 2707; x_wconf 81' lang='lat' dir='ltr'><strong>porc</strong></span> <span class='ocrx_word' id='word_1_106' title='bbox 1159 2623 1265 2688; x_wconf 82' lang='lat' dir='ltr'><strong>Fran·</strong></span> 
     </span>
     <span class='ocr_line' id='line_1_14' title="bbox 112 2704 1265 2791; baseline -0.002 -20"><span class='ocrx_word' id='word_1_107' title='bbox 112 2729 227 2771; x_wconf 86' lang='lat' dir='ltr'><strong>corum</strong></span> <span class='ocrx_word' id='word_1_108' title='bbox 261 2704 372 2791; x_wconf 82' lang='lat' dir='ltr'><strong>effecto</strong></span> <span class='ocrx_word' id='word_1_109' title='bbox 407 2717 461 2772; x_wconf 85' lang='lat' dir='ltr'><strong>est.</strong></span> <span class='ocrx_word' id='word_1_110' title='bbox 519 2706 659 2774; x_wconf 77' lang='lat' dir='ltr'><strong>Saeculo</strong></span> <span class='ocrx_word' id='word_1_111' title='bbox 695 2729 781 2771; x_wconf 91' lang='lat' dir='ltr'><strong>nono</strong></span> <span class='ocrx_word' id='word_1_112' title='bbox 809 2729 923 2791; x_wconf 67' lang='lat' dir='ltr'><strong>ponus</strong></span> <span class='ocrx_word' id='word_1_113' title='bbox 957 2705 1141 2770; x_wconf 86' lang='lat' dir='ltr'><strong>Hamalant</strong></span> <span class='ocrx_word' id='word_1_114' title='bbox 1173 2728 1265 2791; x_wconf 67' lang='lat' dir='ltr'><strong>pano</strong></span> 
     </span>
     <span class='ocr_line' id='line_1_15' title="bbox 112 2788 1266 2871; baseline 0 -17"><span class='ocrx_word' id='word_1_115' title='bbox 112 2790 353 2854; x_wconf 87' lang='lat' dir='ltr'><strong>Ribuariorum</strong></span> <span class='ocrx_word' id='word_1_116' title='bbox 383 2790 632 2856; x_wconf 77' lang='lat' dir='ltr'><strong>adnumeratur.</strong></span> <span class='ocrx_word' id='word_1_117' title='bbox 679 2788 771 2864; x_wconf 83' lang='lat' dir='ltr'><strong>Quae</strong></span> <span class='ocrx_word' id='word_1_118' title='bbox 797 2813 870 2854; x_wconf 89' lang='lat' dir='ltr'><strong>cum</strong></span> <span class='ocrx_word' id='word_1_119' title='bbox 891 2791 941 2854; x_wconf 87' lang='lat' dir='ltr'><strong>ita</strong></span> <span class='ocrx_word' id='word_1_120' title='bbox 966 2793 1042 2871; x_wconf 86' lang='lat' dir='ltr'><strong>sint,</strong></span> <span class='ocrx_word' id='word_1_121' title='bbox 1071 2789 1124 2854; x_wconf 81' lang='lat' dir='ltr'><strong>len</strong></span> <span class='ocrx_word' id='word_1_122' title='bbox 1150 2800 1266 2854; x_wconf 89' lang='lat' dir='ltr'><strong>nostra</strong></span> 
     </span>
    </p>
   </div>
   <div class='ocr_carea' id='block_1_3' title="bbox 2 2873 1264 2974">
    <p class='ocr_par' dir='ltr' id='par_1_3' title="bbox 2 2873 1264 2974">
     <span class='ocr_line' id='line_1_16' title="bbox 2 2873 1264 2974; baseline -0.003 -33"><span class='ocrx_word' id='word_1_123' title='bbox 2 2891 3 2924; x_wconf 70' lang='lat'>³</span> <span class='ocrx_word' id='word_1_124' title='bbox 109 2896 176 2958; x_wconf 78' lang='lat' dir='ltr'><strong>pro</strong></span> <span class='ocrx_word' id='word_1_125' title='bbox 200 2873 423 2939; x_wconf 80' lang='lat' dir='ltr'><strong>additamento</strong></span> <span class='ocrx_word' id='word_1_126' title='bbox 445 2877 586 2960; x_wconf 78' lang='lat' dir='ltr'><strong>quodam</strong></span> <span class='ocrx_word' id='word_1_127' title='bbox 607 2874 689 2962; x_wconf 65' lang='lat' dir='ltr'><strong>lenis</strong></span> <span class='ocrx_word' id='word_1_128' title='bbox 704 2874 890 2940; x_wconf 84' lang='lat' dir='ltr'><strong>Ribuarioe</strong></span> <span class='ocrx_word' id='word_1_129' title='bbox 910 2874 1025 2939; x_wconf 86' lang='lat' dir='ltr'><strong>baberi</strong></span> <span class='ocrx_word' id='word_1_130' title='bbox 1042 2882 1156 2974; x_wconf 76' lang='lat' dir='ltr'><strong>petest,</strong></span> <span class='ocrx_word' id='word_1_131' title='bbox 1179 2897 1264 2938; x_wconf 88' lang='lat' dir='ltr'><strong>eum·</strong></span> 
     </span>
    </p>
   </div>
   <div class='ocr_carea' id='block_1_4' title="bbox 110 2957 1265 3944">
    <p class='ocr_par' dir='ltr' id='par_1_4' title="bbox 113 2957 1265 3124">
     <span class='ocr_line' id='line_1_17' title="bbox 113 2957 1265 3058; baseline 0.002 -37"><span class='ocrx_word' id='word_1_132' title='bbox 113 2981 175 3058; x_wconf 77' lang='lat' dir='ltr'><strong>que</strong></span> <span class='ocrx_word' id='word_1_133' title='bbox 189 2957 338 3044; x_wconf 87' lang='lat' dir='ltr'><strong>formum</strong></span> <span class='ocrx_word' id='word_1_134' title='bbox 359 2967 527 3040; x_wconf 83' lang='lat' dir='ltr'><strong>monstret,</strong></span> <span class='ocrx_word' id='word_1_135' title='bbox 549 2960 586 3023; x_wconf 92' lang='lat' dir='ltr'><strong>in</strong></span> <span class='ocrx_word' id='word_1_136' title='bbox 609 2981 708 3043; x_wconf 78' lang='lat' dir='ltr'><strong>quom</strong></span> <span class='ocrx_word' id='word_1_137' title='bbox 730 2960 784 3022; x_wconf 86' lang='lat' dir='ltr'><strong>ius</strong></span> <span class='ocrx_word' id='word_1_138' title='bbox 806 2958 1044 3023; x_wconf 82' lang='lat' dir='ltr'><strong>Ribnariorum</strong></span> <span class='ocrx_word' id='word_1_139' title='bbox 1064 2981 1101 3022; x_wconf 82' lang='lat' dir='ltr'><strong>sn</strong></span> <span class='ocrx_word' id='word_1_140' title='bbox 1123 2958 1265 3042; x_wconf 83' lang='lat' dir='ltr'><strong>confinio</strong></span> 
     </span>
     <span class='ocr_line' id='line_1_18' title="bbox 113 3041 1120 3124; baseline 0.001 -18"><span class='ocrx_word' id='word_1_141' title='bbox 113 3041 171 3106; x_wconf 80' lang='lat' dir='ltr'><strong>ello</strong></span> <span class='ocrx_word' id='word_1_142' title='bbox 192 3044 279 3106; x_wconf 88' lang='lat' dir='ltr'><strong>inter</strong></span> <span class='ocrx_word' id='word_1_143' title='bbox 299 3041 492 3124; x_wconf 82' lang='lat' dir='ltr'><strong>Ribuurios,</strong></span> <span class='ocrx_word' id='word_1_144' title='bbox 513 3043 691 3124; x_wconf 83' lang='lat' dir='ltr'><strong>Frisiones,</strong></span> <span class='ocrx_word' id='word_1_145' title='bbox 712 3041 864 3107; x_wconf 78' lang='lat' dir='ltr'><strong>Sermones</strong></span> <span class='ocrx_word' id='word_1_146' title='bbox 885 3051 1042 3106; x_wconf 84' lang='lat' dir='ltr'><strong>mutatum</strong></span> <span class='ocrx_word' id='word_1_147' title='bbox 1065 3051 1120 3107; x_wconf 84' lang='lat' dir='ltr'><strong>est.</strong></span> 
     </span>
    </p>

    <p class='ocr_par' dir='ltr' id='par_1_5' title="bbox 110 3125 1265 3944">
     <span class='ocr_line' id='line_1_19' title="bbox 198 3125 1265 3191; baseline 0.001 -3"><span class='ocrx_word' id='word_1_148' title='bbox 198 3125 310 3190; x_wconf 90' lang='lat' dir='ltr'><strong>Neue</strong></span> <span class='ocrx_word' id='word_1_149' title='bbox 338 3127 448 3189; x_wconf 87' lang='lat' dir='ltr'><strong>minus</strong></span> <span class='ocrx_word' id='word_1_150' title='bbox 477 3150 498 3189; x_wconf 90' lang='lat' dir='ltr'><strong>o</strong></span> <span class='ocrx_word' id='word_1_151' title='bbox 525 3136 588 3190; x_wconf 80' lang='lat' dir='ltr'><strong>erte</strong></span> <span class='ocrx_word' id='word_1_152' title='bbox 616 3148 752 3190; x_wconf 86' lang='lat' dir='ltr'><strong>causum</strong></span> <span class='ocrx_word' id='word_1_153' title='bbox 778 3127 866 3188; x_wconf 89' lang='lat' dir='ltr'><strong>iuris</strong></span> <span class='ocrx_word' id='word_1_154' title='bbox 892 3126 1098 3190; x_wconf 71' lang='lat' dir='ltr'><strong>Francorum</strong></span> <span class='ocrx_word' id='word_1_155' title='bbox 1127 3125 1265 3191; x_wconf 79' lang='lat' dir='ltr'><strong>C&#39;bume·</strong></span> 
     </span>
     <span class='ocr_line' id='line_1_20' title="bbox 112 3148 1265 3295; baseline -0.001 -23"><span class='ocrx_word' id='word_1_156' title='bbox 112 3231 227 3273; x_wconf 84' lang='lat' dir='ltr'><strong>oornm</strong></span> <span class='ocrx_word' id='word_1_157' title='bbox 249 3148 453 3275; x_wconf 73' lang='lat' dir='ltr'><strong>leseribendi</strong></span> <span class='ocrx_word' id='word_1_158' title='bbox 473 3148 600 3276; x_wconf 69' lang='lat' dir='ltr'><strong>libellos</strong></span> <span class='ocrx_word' id='word_1_159' title='bbox 621 3219 730 3274; x_wconf 87' lang='lat' dir='ltr'><strong>noster</strong></span> <span class='ocrx_word' id='word_1_160' title='bbox 743 3209 880 3273; x_wconf 85' lang='lat' dir='ltr'><strong>indicat.</strong></span> <span class='ocrx_word' id='word_1_161' title='bbox 914 3209 1067 3295; x_wconf 71' lang='lat' dir='ltr'><strong>Leyimus</strong></span> <span class='ocrx_word' id='word_1_162' title='bbox 1082 3211 1167 3274; x_wconf 90' lang='lat' dir='ltr'><strong>enim</strong></span> <span class='ocrx_word' id='word_1_163' title='bbox 1181 3208 1265 3294; x_wconf 72' lang='lat' dir='ltr'><strong>leqis</strong></span> 
     </span>
     <span class='ocr_line' id='line_1_21' title="bbox 112 3290 1265 3378; baseline -0.002 -21"><span class='ocrx_word' id='word_1_164' title='bbox 112 3294 230 3357; x_wconf 89' lang='lat' dir='ltr'><strong>initio:</strong></span> <span class='ocrx_word' id='word_1_165' title='bbox 251 3293 289 3356; x_wconf 92' lang='lat' dir='ltr'><strong>In</strong></span> <span class='ocrx_word' id='word_1_166' title='bbox 311 3293 415 3378; x_wconf 89' lang='lat' dir='ltr'><strong>primo</strong></span> <span class='ocrx_word' id='word_1_167' title='bbox 438 3315 477 3358; x_wconf 93' lang='lat' dir='ltr'><strong>ca</strong></span> <span class='ocrx_word' id='word_1_168' title='bbox 500 3291 578 3358; x_wconf 87' lang='lat' dir='ltr'><strong>itulo</strong></span> <span class='ocrx_word' id='word_1_169' title='bbox 601 3292 641 3358; x_wconf 89' lang='lat' dir='ltr'><strong>de</strong></span> <span class='ocrx_word' id='word_1_170' title='bbox 660 3294 765 3357; x_wconf 84' lang='lat' dir='ltr'><strong>causis</strong></span> <span class='ocrx_word' id='word_1_171' title='bbox 784 3291 938 3357; x_wconf 89' lang='lat' dir='ltr'><strong>ecclesiae</strong></span> <span class='ocrx_word' id='word_1_172' title='bbox 960 3301 992 3357; x_wconf 88' lang='lat' dir='ltr'><strong>et</strong></span> <span class='ocrx_word' id='word_1_173' title='bbox 1013 3291 1053 3356; x_wconf 89' lang='lat' dir='ltr'><strong>de</strong></span> <span class='ocrx_word' id='word_1_174' title='bbox 1075 3290 1138 3356; x_wconf 85' lang='lat' dir='ltr'><strong>illis</strong></span> <span class='ocrx_word' id='word_1_175' title='bbox 1160 3292 1265 3355; x_wconf 85' lang='lat' dir='ltr'><strong>servis</strong></span> 
     </span>
     <span class='ocr_line' id='line_1_22' title="bbox 113 3375 1265 3463; baseline 0 -24"><span class='ocrx_word' id='word_1_176' title='bbox 113 3375 196 3458; x_wconf 84' lang='lat' dir='ltr'><strong>Dei,</strong></span> <span class='ocrx_word' id='word_1_177' title='bbox 229 3377 286 3463; x_wconf 92' lang='lat' dir='ltr'><strong>qui</strong></span> <span class='ocrx_word' id='word_1_178' title='bbox 313 3375 434 3442; x_wconf 86' lang='lat' dir='ltr'><strong>ibidem</strong></span> <span class='ocrx_word' id='word_1_179' title='bbox 486 3378 665 3460; x_wconf 86' lang='lat' dir='ltr'><strong>eserviunt,</strong></span> <span class='ocrx_word' id='word_1_180' title='bbox 695 3377 742 3440; x_wconf 85' lang='lat' dir='ltr'><strong>sic</strong></span> <span class='ocrx_word' id='word_1_181' title='bbox 771 3375 936 3458; x_wconf 82' lang='lat' dir='ltr'><strong>habemus,</strong></span> <span class='ocrx_word' id='word_1_182' title='bbox 966 3375 1127 3461; x_wconf 88' lang='lat' dir='ltr'><strong>quomodo</strong></span> <span class='ocrx_word' id='word_1_183' title='bbox 1157 3375 1265 3440; x_wconf 84' lang='lat' dir='ltr'><strong>etalii</strong></span> 
     </span>
     <span class='ocr_line' id='line_1_23' title="bbox 113 3459 1263 3559; baseline 0 -35"><span class='ocrx_word' id='word_1_184' title='bbox 113 3460 233 3524; x_wconf 82' lang='lat' dir='ltr'><strong>Franci</strong></span> <span class='ocrx_word' id='word_1_185' title='bbox 254 3459 382 3528; x_wconf 88' lang='lat' dir='ltr'><strong>habent.</strong></span> <span class='ocrx_word' id='word_1_186' title='bbox 416 3459 509 3535; x_wconf 82' lang='lat' dir='ltr'><strong>Quae</strong></span> <span class='ocrx_word' id='word_1_187' title='bbox 523 3462 621 3526; x_wconf 85' lang='lat' dir='ltr'><strong>cerba</strong></span> <span class='ocrx_word' id='word_1_188' title='bbox 635 3459 777 3546; x_wconf 69' lang='lat' dir='ltr'><strong>intellioi</strong></span> <span class='ocrx_word' id='word_1_189' title='bbox 798 3482 863 3524; x_wconf 94' lang='lat' dir='ltr'><strong>non</strong></span> <span class='ocrx_word' id='word_1_190' title='bbox 879 3469 1030 3559; x_wconf 70' lang='lat' dir='ltr'><strong>possunt,</strong></span> <span class='ocrx_word' id='word_1_191' title='bbox 1052 3461 1121 3524; x_wconf 87' lang='lat' dir='ltr'><strong>nisi</strong></span> <span class='ocrx_word' id='word_1_192' title='bbox 1141 3481 1263 3544; x_wconf 78' lang='lat' dir='ltr'><strong>suppo·</strong></span> 
     </span>
     <span class='ocr_line' id='line_1_24' title="bbox 114 3545 1265 3629; baseline -0.001 -21"><span class='ocrx_word' id='word_1_193' title='bbox 114 3546 234 3625; x_wconf 83' lang='lat' dir='ltr'><strong>nimus,</strong></span> <span class='ocrx_word' id='word_1_194' title='bbox 262 3545 302 3609; x_wconf 77' lang='lat' dir='ltr'><strong>ue</strong></span> <span class='ocrx_word' id='word_1_195' title='bbox 329 3547 423 3610; x_wconf 86' lang='lat' dir='ltr'><strong>certis</strong></span> <span class='ocrx_word' id='word_1_196' title='bbox 445 3569 484 3610; x_wconf 86' lang='lat' dir='ltr'><strong>ca</strong></span> <span class='ocrx_word' id='word_1_197' title='bbox 509 3545 600 3610; x_wconf 87' lang='lat' dir='ltr'><strong>itulis</strong></span> <span class='ocrx_word' id='word_1_198' title='bbox 628 3548 744 3609; x_wconf 85' lang='lat' dir='ltr'><strong>missos</strong></span> <span class='ocrx_word' id='word_1_199' title='bbox 771 3545 969 3629; x_wconf 79' lang='lat' dir='ltr'><strong>quaesivisse</strong></span> <span class='ocrx_word' id='word_1_200' title='bbox 998 3553 1027 3606; x_wconf 90' lang='lat' dir='ltr'><strong>et</strong></span> <span class='ocrx_word' id='word_1_201' title='bbox 1053 3566 1214 3629; x_wconf 78' lang='lat' dir='ltr'><strong>responso</strong></span> <span class='ocrx_word' id='word_1_202' title='bbox 1243 3567 1265 3607; x_wconf 87' lang='lat' dir='ltr'><strong>a</strong></span> 
     </span>
     <span class='ocr_line' id='line_1_25' title="bbox 139 3627 1264 3716; baseline -0.001 -23"><span class='ocrx_word' id='word_1_203' title='bbox 139 3627 237 3712; x_wconf 82' lang='lat' dir='ltr'><strong>epulo</strong></span> <span class='ocrx_word' id='word_1_204' title='bbox 260 3631 433 3713; x_wconf 78' lang='lat' dir='ltr'><strong>occepisse.</strong></span> <span class='ocrx_word' id='word_1_205' title='bbox 530 3631 624 3694; x_wconf 87' lang='lat' dir='ltr'><strong>&#39;mum</strong></span> <span class='ocrx_word' id='word_1_206' title='bbox 644 3629 749 3716; x_wconf 66' lang='lat' dir='ltr'><strong>initur</strong></span> <span class='ocrx_word' id='word_1_207' title='bbox 768 3651 784 3692; x_wconf 91' lang='lat' dir='ltr'><strong>e</strong></span> <span class='ocrx_word' id='word_1_208' title='bbox 801 3630 982 3712; x_wconf 72' lang='lat' dir='ltr'><strong>propositio</strong></span> <span class='ocrx_word' id='word_1_209' title='bbox 1004 3627 1162 3711; x_wconf 77' lang='lat' dir='ltr'><strong>capitulis</strong></span> <span class='ocrx_word' id='word_1_210' title='bbox 1185 3629 1264 3692; x_wconf 83' lang='lat' dir='ltr'><strong>boec</strong></span> 
     </span>
     <span class='ocr_line' id='line_1_26' title="bbox 110 3651 1263 3797; baseline -0.002 -21"><span class='ocrx_word' id='word_1_211' title='bbox 110 3651 268 3777; x_wconf 74' lang='lat' dir='ltr'><strong>babebat:</strong></span> <span class='ocrx_word' id='word_1_212' title='bbox 290 3711 342 3778; x_wconf 91' lang='lat' dir='ltr'><strong>De</strong></span> <span class='ocrx_word' id='word_1_213' title='bbox 358 3712 462 3777; x_wconf 84' lang='lat' dir='ltr'><strong>causis</strong></span> <span class='ocrx_word' id='word_1_214' title='bbox 484 3711 641 3778; x_wconf 88' lang='lat' dir='ltr'><strong>ecclesiae</strong></span> <span class='ocrx_word' id='word_1_215' title='bbox 663 3721 695 3778; x_wconf 87' lang='lat' dir='ltr'><strong>et</strong></span> <span class='ocrx_word' id='word_1_216' title='bbox 710 3711 749 3777; x_wconf 88' lang='lat' dir='ltr'><strong>de</strong></span> <span class='ocrx_word' id='word_1_217' title='bbox 771 3711 834 3776; x_wconf 85' lang='lat' dir='ltr'><strong>illis</strong></span> <span class='ocrx_word' id='word_1_218' title='bbox 856 3711 960 3776; x_wconf 82' lang='lat' dir='ltr'><strong>servis</strong></span> <span class='ocrx_word' id='word_1_219' title='bbox 975 3710 1049 3792; x_wconf 87' lang='lat' dir='ltr'><strong>Dei,</strong></span> <span class='ocrx_word' id='word_1_220' title='bbox 1072 3712 1128 3797; x_wconf 91' lang='lat' dir='ltr'><strong>qui</strong></span> <span class='ocrx_word' id='word_1_221' title='bbox 1142 3710 1263 3775; x_wconf 83' lang='lat' dir='ltr'><strong>ibidem</strong></span> 
     </span>
     <span class='ocr_line' id='line_1_27' title="bbox 114 3793 1263 3944; baseline 0 -85"><span class='ocrx_word' id='word_1_222' title='bbox 114 3793 313 3879; x_wconf 78' lang='lat' dir='ltr'><strong>deserviunt3</strong></span> <span class='ocrx_word' id='word_1_223' title='bbox 335 3797 513 3862; x_wconf 84' lang='lat' dir='ltr'><strong>secundum</strong></span> <span class='ocrx_word' id='word_1_224' title='bbox 529 3795 711 3944; x_wconf 51' lang='lat' dir='ltr'><strong>cositulum</strong></span> <span class='ocrx_word' id='word_1_225' title='bbox 727 3797 784 3880; x_wconf 81' lang='lat' dir='ltr'><strong>(de</strong></span> <span class='ocrx_word' id='word_1_226' title='bbox 799 3819 860 3882; x_wconf 78' lang='lat' dir='ltr'><strong>quo</strong></span> <span class='ocrx_word' id='word_1_227' title='bbox 876 3795 929 3862; x_wconf 80' lang='lat' dir='ltr'><strong>len</strong></span> <span class='ocrx_word' id='word_1_228' title='bbox 943 3805 1056 3860; x_wconf 87' lang='lat' dir='ltr'><strong>nostro</strong></span> <span class='ocrx_word' id='word_1_229' title='bbox 1072 3821 1098 3859; x_wconf 87' lang='lat' dir='ltr'><strong>e.</strong></span> <span class='ocrx_word' id='word_1_230' title='bbox 1109 3795 1139 3859; x_wconf 81' lang='lat'><strong>2.</strong></span> <span class='ocrx_word' id='word_1_231' title='bbox 1156 3797 1263 3894; x_wconf 61' lang='lat' dir='ltr'><strong>“llll&#39;‘</strong></span> 
     </span>
    </p>
   </div>
   <div class='ocr_carea' id='block_1_5' title="bbox 113 3878 1263 3966">
    <p class='ocr_par' dir='ltr' id='par_1_6' title="bbox 113 3878 1263 3966">
     <span class='ocr_line' id='line_1_28' title="bbox 113 3878 1263 3966; baseline 0.003 -23"><span class='ocrx_word' id='word_1_232' title='bbox 113 3879 166 3946; x_wconf 88' lang='lat' dir='ltr'><strong>De</strong></span> <span class='ocrx_word' id='word_1_233' title='bbox 186 3879 295 3946; x_wconf 89' lang='lat' dir='ltr'><strong>banno</strong></span> <span class='ocrx_word' id='word_1_234' title='bbox 317 3880 489 3946; x_wconf 87' lang='lat' dir='ltr'><strong>dominico.</strong></span> <span class='ocrx_word' id='word_1_235' title='bbox 532 3881 563 3944; x_wconf 83' lang='lat' dir='ltr'><strong><em>A</em></strong></span> <span class='ocrx_word' id='word_1_236' title='bbox 577 3881 638 3946; x_wconf 83' lang='lat' dir='ltr'><strong>iud</strong></span> <span class='ocrx_word' id='word_1_237' title='bbox 659 3879 859 3966; x_wconf 78' lang='lat' dir='ltr'><strong>capitulum:</strong></span> <span class='ocrx_word' id='word_1_238' title='bbox 882 3879 934 3944; x_wconf 87' lang='lat' dir='ltr'><strong>De</strong></span> <span class='ocrx_word' id='word_1_239' title='bbox 955 3879 1104 3964; x_wconf 84' lang='lat' dir='ltr'><strong>ingenuis</strong></span> <span class='ocrx_word' id='word_1_240' title='bbox 1128 3878 1263 3946; x_wconf 79' lang='lat' dir='ltr'><strong>homsm·</strong></span> 
     </span>
    </p>
   </div>
   <div class='ocr_carea' id='block_1_6' title="bbox 111 4050 1263 4342">
    <p class='ocr_par' dir='ltr' id='par_1_7' title="bbox 111 4050 1263 4342">
     <span class='ocr_line' id='line_1_29' title="bbox 116 4050 1262 4120; baseline 0 -18"><span class='ocrx_word' id='word_1_241' title='bbox 116 4050 144 4118; x_wconf 84' lang='lat'><strong>1)</strong></span> <span class='ocrx_word' id='word_1_242' title='bbox 164 4051 219 4119; x_wconf 61' lang='lat' dir='ltr'><strong>cfr.</strong></span> <span class='ocrx_word' id='word_1_243' title='bbox 238 4068 306 4118; x_wconf 70' lang='lat' dir='ltr'><strong>meae</strong></span> <span class='ocrx_word' id='word_1_244' title='bbox 322 4069 410 4119; x_wconf 80' lang='lat' dir='ltr'><strong>nuper·</strong></span> <span class='ocrx_word' id='word_1_245' title='bbox 427 4052 549 4120; x_wconf 56' lang='lat' dir='ltr'><strong>mosen</strong></span> <span class='ocrx_word' id='word_1_246' title='bbox 566 4053 600 4106; x_wconf 85' lang='lat' dir='ltr'><strong>R.</strong></span> <span class='ocrx_word' id='word_1_247' title='bbox 619 4051 776 4117; x_wconf 73' lang='lat' dir='ltr'><strong>Sebroecler,</strong></span> <span class='ocrx_word' id='word_1_248' title='bbox 799 4050 1047 4119; x_wconf 69' lang='lat' dir='ltr'><strong>‘Unsersucbunqcn</strong></span> <span class='ocrx_word' id='word_1_249' title='bbox 1065 4068 1099 4102; x_wconf 80' lang='lat' dir='ltr'><strong>eu</strong></span> <span class='ocrx_word' id='word_1_250' title='bbox 1117 4051 1169 4103; x_wconf 79' lang='lat' dir='ltr'><strong>den</strong></span> <span class='ocrx_word' id='word_1_251' title='bbox 1179 4053 1262 4117; x_wconf 75' lang='lat' dir='ltr'><strong>friln-</strong></span> 
     </span>
     <span class='ocr_line' id='line_1_30' title="bbox 113 4124 1263 4193; baseline -0.002 -17"><span class='ocrx_word' id='word_1_252' title='bbox 113 4125 220 4177; x_wconf 80' lang='lat' dir='ltr'><strong>ln&#39;scben</strong></span> <span class='ocrx_word' id='word_1_253' title='bbox 244 4125 447 4188; x_wconf 83' lang='lat' dir='ltr'><strong>Vellerecbten’,</strong></span> <span class='ocrx_word' id='word_1_254' title='bbox 473 4143 517 4193; x_wconf 78' lang='lat' dir='ltr'><strong>ep.</strong></span> <span class='ocrx_word' id='word_1_255' title='bbox 536 4127 609 4188; x_wconf 80' lang='lat' dir='ltr'><strong>Picio,</strong></span> <span class='ocrx_word' id='word_1_256' title='bbox 634 4125 843 4192; x_wconf 74' lang='lat' dir='ltr'><strong>‘Menetseclsrist</strong></span> <span class='ocrx_word' id='word_1_257' title='bbox 859 4127 914 4193; x_wconf 80' lang='lat' dir='ltr'><strong>su&#39;r</strong></span> <span class='ocrx_word' id='word_1_258' title='bbox 935 4125 979 4176; x_wconf 79' lang='lat' dir='ltr'><strong>die</strong></span> <span class='ocrx_word' id='word_1_259' title='bbox 1003 4124 1154 4176; x_wconf 74' lang='lat' dir='ltr'><strong>Gescbicbte</strong></span> <span class='ocrx_word' id='word_1_260' title='bbox 1185 4125 1263 4176; x_wconf 82' lang='lat' dir='ltr'><strong>Wcst·</strong></span> 
     </span>
     <span class='ocr_line' id='line_1_31' title="bbox 113 4197 1262 4268; baseline -0.003 -18"><span class='ocrx_word' id='word_1_261' title='bbox 113 4198 310 4262; x_wconf 69' lang='lat' dir='ltr'><strong>demolienda,</strong></span> <span class='ocrx_word' id='word_1_262' title='bbox 337 4198 384 4252; x_wconf 85' lang='lat' dir='ltr'><strong>VI.</strong></span> <span class='ocrx_word' id='word_1_263' title='bbox 394 4199 549 4268; x_wconf 68' lang='lat' dir='ltr'><strong>Jobryany’,</strong></span> <span class='ocrx_word' id='word_1_264' title='bbox 572 4198 651 4264; x_wconf 83' lang='lat'>1880,</span> <span class='ocrx_word' id='word_1_265' title='bbox 666 4217 697 4266; x_wconf 76' lang='lat' dir='ltr'><strong>p.</strong></span> <span class='ocrx_word' id='word_1_266' title='bbox 708 4201 761 4248; x_wconf 84' lang='lat'><strong>492</strong></span> <span class='ocrx_word' id='word_1_267' title='bbox 775 4216 842 4265; x_wconf 67' lang='lat' dir='ltr'><strong>app„</strong></span> <span class='ocrx_word' id='word_1_268' title='bbox 862 4198 909 4264; x_wconf 82' lang='lat' dir='ltr'><strong>qui</strong></span> <span class='ocrx_word' id='word_1_269' title='bbox 924 4198 1030 4250; x_wconf 89' lang='lat' dir='ltr'><strong>nomine</strong></span> <span class='ocrx_word' id='word_1_270' title='bbox 1047 4197 1198 4249; x_wconf 85' lang='lat' dir='ltr'><strong>Hemelunt</strong></span> <span class='ocrx_word' id='word_1_271' title='bbox 1210 4204 1262 4249; x_wconf 85' lang='lat' dir='ltr'><strong>tres</strong></span> 
     </span>
     <span class='ocr_line' id='line_1_32' title="bbox 111 4270 1262 4342; baseline 0.001 -22"><span class='ocrx_word' id='word_1_272' title='bbox 111 4287 210 4338; x_wconf 67' lang='lat' dir='ltr'><strong>panos:</strong></span> <span class='ocrx_word' id='word_1_273' title='bbox 237 4271 389 4324; x_wconf 82' lang='lat' dir='ltr'><strong>Hmnelant</strong></span> <span class='ocrx_word' id='word_1_274' title='bbox 414 4271 505 4338; x_wconf 79' lang='lat' dir='ltr'><strong>(sensu</strong></span> <span class='ocrx_word' id='word_1_275' title='bbox 531 4273 686 4342; x_wconf 76' lang='lat' dir='ltr'><strong>strictiore),</strong></span> <span class='ocrx_word' id='word_1_276' title='bbox 717 4271 820 4324; x_wconf 81' lang='lat' dir='ltr'><strong>Twente</strong></span> <span class='ocrx_word' id='word_1_277' title='bbox 844 4279 868 4324; x_wconf 87' lang='lat' dir='ltr'><strong>et</strong></span> <span class='ocrx_word' id='word_1_278' title='bbox 896 4270 1039 4333; x_wconf 71' lang='lat' dir='ltr'><strong>Timentes,</strong></span> <span class='ocrx_word' id='word_1_279' title='bbox 1067 4270 1262 4336; x_wconf 77' lang='lat' dir='ltr'><strong>comprehensos</strong></span> 
     </span>
    </p>
   </div>
   <div class='ocr_carea' id='block_1_7' title="bbox 104 4341 1264 4486">
    <p class='ocr_par' dir='ltr' id='par_1_8' title="bbox 104 4341 1264 4486">
     <span class='ocr_line' id='line_1_33' title="bbox 104 4341 1264 4413; baseline -0.001 -19"><span class='ocrx_word' id='word_1_280' title='bbox 104 4344 195 4410; x_wconf 81' lang='lat' dir='ltr'><strong>fuisse</strong></span> <span class='ocrx_word' id='word_1_281' title='bbox 214 4344 335 4398; x_wconf 80' lang='lat' dir='ltr'><strong>ostendit.</strong></span> <span class='ocrx_word' id='word_1_282' title='bbox 373 4344 471 4413; x_wconf 61' lang='lat' dir='ltr'><strong>(ffrJl.</strong></span> <span class='ocrx_word' id='word_1_283' title='bbox 482 4344 630 4398; x_wconf 76' lang='lat' dir='ltr'><strong>Sebrouler</strong></span> <span class='ocrx_word' id='word_1_284' title='bbox 647 4346 676 4396; x_wconf 85' lang='lat' dir='ltr'><strong>in</strong></span> <span class='ocrx_word' id='word_1_285' title='bbox 695 4344 855 4409; x_wconf 67' lang='lat' dir='ltr'><strong>‘Zeitscbm‘ft</strong></span> <span class='ocrx_word' id='word_1_286' title='bbox 872 4345 921 4397; x_wconf 81' lang='lat' dir='ltr'><strong>der·</strong></span> <span class='ocrx_word' id='word_1_287' title='bbox 939 4341 1200 4412; x_wconf 68' lang='lat' dir='ltr'><strong>Saoiqny-Stiflmeq</strong></span> <span class='ocrx_word' id='word_1_288' title='bbox 1212 4343 1264 4408; x_wconf 78' lang='lat' dir='ltr'><strong>fiir</strong></span> 
     </span>
     <span class='ocr_line' id='line_1_34' title="bbox 114 4415 1161 4486; baseline 0.002 -18"><span class='ocrx_word' id='word_1_289' title='bbox 114 4417 363 4486; x_wconf 68' lang='lat' dir='ltr'><strong>Beclstseescbicbte.</strong></span> <span class='ocrx_word' id='word_1_290' title='bbox 383 4418 606 4474; x_wconf 73' lang='lat' dir='ltr'><strong>Germanistiscbe</strong></span> <span class='ocrx_word' id='word_1_291' title='bbox 624 4415 801 4485; x_wconf 72' lang='lat' dir='ltr'><strong>Abtbeilunq&#39;‚</strong></span> <span class='ocrx_word' id='word_1_292' title='bbox 820 4417 863 4471; x_wconf 88' lang='grc' dir='ltr'><strong>ΙΙ.</strong></span> <span class='ocrx_word' id='word_1_293' title='bbox 884 4417 992 4485; x_wconf 84' lang='grc'><strong><em>(1881),</em></strong></span> <span class='ocrx_word' id='word_1_294' title='bbox 1006 4417 1096 4483; x_wconf 67' lang='grc'><strong>9.·17.</strong></span> <span class='ocrx_word' id='word_1_295' title='bbox 1115 4415 1161 4470; x_wconf 79' lang='grc'><strong>48.</strong></span> 
     </span>
    </p>
   </div>
   <div class='ocr_carea' id='block_1_8' title="bbox 1016 4517 1032 4566">
    <p class='ocr_par' dir='ltr' id='par_1_9' title="bbox 1016 4517 1032 4566">
     <span class='ocr_line' id='line_1_35' title="bbox 1016 4517 1032 4566; baseline 0 0"><span class='ocrx_word' id='word_1_296' title='bbox 1016 4517 1032 4566; x_wconf 91' lang='grc'>8</span> 
     </span>
    </p>
   </div>
   <div class='ocr_carea' id='block_1_9' title="bbox 1274 1518 1425 1569">
    <p class='ocr_par' dir='ltr' id='par_1_10' title="bbox 1274 1518 1425 1569">
     <span class='ocr_line' id='line_1_36' title="bbox 1274 1518 1425 1569; baseline 0 -11"><span class='ocrx_word' id='word_1_297' title='bbox 1274 1518 1425 1569; x_wconf 67' lang='lat' dir='ltr'><strong>summos.</strong></span> 
     </span>
    </p>
   </div>
   <div class='ocr_carea' id='block_1_10' title="bbox 0 0 1561 5232">
    <p class='ocr_par' dir='ltr' id='par_1_11' title="bbox 0 0 1561 5232">
     <span class='ocr_line' id='line_1_37' title="bbox 0 0 1561 5232; baseline 0 0"><span class='ocrx_word' id='word_1_298' title='bbox 0 0 1561 5232; x_wconf 95' lang='lat' dir='ltr'><strong> </strong></span> 
     </span>
    </p>
   </div>
  </div>
 </body>
</html>
