3090 5258
581 453 801 512 PRAEFATIO.
1213 460 1247 514 31

129 626 299 690 obseruata
325 636 354 690 ct
381 636 497 690 mostra
524 637 627 692 aetate
648 629 867 692 usitatissima
893 630 946 708 sit,
974 628 1163 694 abiicienda
1184 652 1249 695 csse

10 699 11 740 ³
128 733 195 774 mou
223 710 306 774 mibi
332 712 407 775 uiso
434 720 489 773 est.
540 711 673 776 Codices
702 713 788 775 cuim
808 709 841 773 A
870 734 942 775 cum
969 723 1028 776 aut
1054 711 1161 778 mullos
1191 725 1250 777 aut

128 795 241 858 varios
262 791 374 858 titulos
396 793 545 874 babeant,
568 795 669 859 codecc
685 796 701 857 1
717 795 822 860 titulis
841 796 972 860 omniuo
995 807 1116 877 careat,
1139 797 1249 861 titubas

129 889 164 942 at
184 899 225 940 ue
254 899 406 941 uumcros
435 880 572 942 usitatos
599 881 737 943 retinere
767 901 865 964 quam
895 900 935 942 ecc
958 880 1058 944 buius
1087 881 1136 943 vet
1156 879 1248 945 illius

127 901 251 1025 cobicis
284 964 477 1026 auctoritate
508 985 625 1026 uocum
660 963 806 1026 ordimem
838 962 1005 1027 titulorum
1031 964 1248 1046 introducere,

126 1043 243 1109 melius
272 1067 338 1109 esse
359 1046 453 1109 occi.
500 1042 606 1118 Quam
628 1045 666 1109 ob
687 1067 753 1110 rem
774 1049 811 1110 iu
833 1056 922 1110 tectu
944 1046 974 1109 A
997 1047 1121 1112 edenda
1144 1052 1247 1113 usito-

125 1139 193 1192 tam
215 1129 412 1192 diuisionem
435 1130 475 1193 89
497 1129 664 1194 titulorum
692 1130 825 1194 retiaui.
868 1129 996 1194 Lectori
1024 1142 1130 1196 autem
1157 1132 1247 1196 berec-

125 1213 197 1276 ooio
221 1212 458 1277 observandum
484 1224 539 1292 est,·
569 1213 739 1278 titulorum
766 1224 861 1299 atque
887 1237 926 1277 co
951 1216 1033 1278 itum
1054 1237 1203 1279 uumerus
1227 1239 1248 1278 a

125 1318 173 1360 me
205 1297 339 1360 additos
368 1318 435 1360 esse
462 1307 492 1360 et
512 1300 549 1361 iu
571 1297 639 1383 leae
661 1296 830 1362 Ribuario
856 1236 1059 1382 eupbcauda
1088 1321 1153 1382 pro
1181 1321 1248 1363 aou

125 1381 262 1465 scriptis
284 1379 448 1444 babeudas
469 1401 546 1444 esse.

632 1507 662 1584 ξ.
687 1501 735 1565 12.

555 1603 751 1667 Detecto
772 1603 814 1666 Β.

214 1705 348 1769 Teutum
366 1705 536 1791 vulyatum
550 1707 582 1768 B
605 1707 753 1791 quamuis
772 1705 853 1769 duce
868 1705 977 1769 codice
991 1704 1023 1766 B
1040 1706 1055 1766 1
1079 1703 1247 1785 ediderim,

123 1788 328 1873 reliquorum
344 1789 491 1852 codicum
505 1790 543 1853 iu
559 1791 644 1853 uatis
665 1790 794 1853 ratione
816 1788 939 1869 babita,
963 1788 1125 1873 quaedam
1139 1797 1248 1852 tamem

123 1874 160 1937 iu
194 1883 284 1935 tectu
313 1872 436 1936 codicis
462 1875 477 1935 l
506 1873 668 1937 matuuda
701 1895 766 1937 esse
798 1873 881 1936 mibi
906 1872 1113 1936 uidebantur.
1156 1871 1247 1936 Nam

123 1979 201 2020 cum
222 1955 284 2019 soli
305 1956 430 2020 codices
444 1957 477 2019 B
493 1957 521 2020 1.
537 1955 588 2019 20.
611 1962 658 2039 (et
672 1956 837 2021 Heraidus
858 1959 896 2021 iu
911 1957 1052 2021 editione
1067 1959 1147 2036 sua)
1165 1958 1246 2019 scri-

123 2040 207 2105 bamt
220 2038 406 2125 Ripaei-ius,
421 2040 583 2125 Ripaeos,
606 2040 670 2104 reli
691 2043 728 2104 ui
749 2040 874 2104 codices
897 2050 1004 2103 autem
1025 2037 1198 2102 Ribuorius
1219 2050 1249 2104 et

121 2123 282 2188 Ribuaria
304 2124 452 2204 babeant,
478 2126 516 2188 iu
543 2135 631 2188 teoctu
652 2064 689 2188 d
710 2147 780 2189 cum
803 2124 932 2189 modum
954 2122 1119 2188 scribeudi
1142 2123 1245 2188 obser-

121 2209 215 2288 vavi,
243 2231 333 2354 &cem
355 2206 506 2307 plerique
533 2208 659 2273 codices
683 2209 831 2288 traduat,
859 2231 900 2272 ue
917 2207 1018 2292 fabra
1045 2208 1158 2290 opimio
1181 2209 1245 2271 ori-

121 2302 228 2373 retur,
277 2313 398 2355 raucos
419 2291 601 2356 Ribuarios
621 2294 659 2356 iu
682 2291 849 2357 codicibus
869 2292 1056 2376 Ripuarios
1079 2290 1248 2375 appellari

121 2374 239 2442 solere.
282 2374 324 2440 Iu
346 2375 481 2461 reliquie
504 2377 643 2440 codicem
664 2377 697 2439 B
722 2378 749 2457 1,
776 2377 834 2460 qui
861 2377 1001 2459 optimae
1028 2383 1123 2438 uotae
1146 2375 1246 2438 codcoc

120 2469 177 2540 est,
203 2459 295 2542 sequi
310 2470 471 2543 poteram.
514 2460 646 2524 Divisio
668 2459 708 2522 91
731 2458 908 2537 titulorum,
931 2481 1029 2543 quam
1050 2459 1087 2521 iu
1106 2458 1245 2521 editione

1 2581 2 2586 κ
120 2553 231 2607 temtus
245 2542 278 2606 Β
298 2544 505 2708 §metendam
528 2545 654 2624 curaui,
677 2567 700 2607 a
721 2541 886 2608 codicibus
902 2541 934 2603 B
954 2541 1045 2604 tradi
1066 2538 1143 2604 sobet
1164 2539 1243 2625 (cfr,

119 2633 303 2773 sacrm
326 2675 429 2776 bdbui
442 2712 482 2775 de
497 2709 564 2796 icoc
578 2710 747 2774 Ribuaria
768 2709 969 2775 restituenda
991 2730 1074 2794 quae
1096 2709 1241 2774 dicerem.

163 2827 300 2895 Dabam
322 2830 546 2916 Arqeutorati
569 2831 621 2895 die
643 2830 694 2898 21.
716 2833 836 2896 meusis
864 2829 1009 2894 Octobris
1033 2827 1124 2893 1882.

831 2983 1029 3069 Rudolpbas
1050 2986 1158 3054 Sobm.
