3110 5232
713 449 790 506 Lnx
810 447 996 505 alunnum.

754 644 897 701 accen.
917 622 957 696 Α.

269 792 413 866 pueros
441 766 610 861 accedat,
637 776 674 838 et
700 763 836 838 sireis
863 762 1126 898 praesentibus
1151 760 1339 858 praetium
1357 773 1431 836 tra·

274 871 338 942 dat
352 879 390 942 et
403 865 682 965 possessionem
697 864 859 963 accipiat
882 865 911 962 *,
931 876 969 938 et
983 862 1188 960 unicuique
1204 864 1250 936 de
1265 863 1431 959 parvolis

274 971 402 1068 alapes
422 970 538 1041 donet
557 977 594 1040 et
614 977 767 1065 torquat
786 966 990 1061 auriculas,
1009 975 1052 1038 ut
1072 963 1108 1037 ei
1132 963 1431 1060 inpostmodum

271 1069 533 1144 testimonium
556 1071 773 1166 praebeant.
812 1067 853 1142 Si
876 1078 1003 1150 autem
1026 1075 1146 1138 testes
1167 1089 1241 1136 non
1265 1065 1432 1162 potuerit
1524 1082 1525 1089 ’

273 1171 490 1266 admanire,
531 1180 573 1242 ut
611 1167 646 1242 ei
679 1168 940 1242 testimonium
974 1168 1204 1265 praebeant,
1230 1177 1322 1238 tunc
1349 1190 1431 1240 rem
1551 1239 1552 1250 ,

273 1296 382 1347 suam
403 1274 524 1346 cum3
545 1268 616 1344 sihi
638 1272 759 1344 cum?
781 1294 868 1344 cum
881 1267 1128 1343 sacramentis
1144 1266 1431 1365 interpositione

273 1373 343 1448 sibi
364 1373 505 1447 studiat
524 1370 750 1445 evindicare.

371 1473 417 1544 ”t
436 1476 454 1528 ι’.
474 1487 496 1527 e.
517 1486 572 1526 rem
592 1480 677 1542 (quae
699 1473 851 1540 possessio,
880 1469 1053 1538 ‘Besinum
1083 1470 1209 1531 utemur)
1228 1470 1355 1538 occeptat,
1382 1483 1433 1538 per

436 1560 539 1600 ramum
556 1547 679 1600 videlicet
697 1548 723 1598 et
741 1547 873 1614 cespitem,
894 1542 943 1611 cfr.
962 1546 1001 1598 tit.
1020 1540 1065 1606 59,
1084 1557 1108 1595 e.
1130 1540 1153 1595 1.

376 1623 410 1695 2.
469 1619 509 1693 Si
540 1618 624 1716 quis
653 1629 868 1691 consortem
896 1641 1007 1691 sumn
1042 1613 1430 1714 quantulumcumque

271 1719 554 1820 superpriserit,
574 1743 661 1793 cum
683 1723 728 1794 15
748 1717 882 1792 solidis
900 1717 1087 1792 restituat.

374 1824 409 1895 3.
445 1821 485 1895 Si
505 1830 634 1893 autem
658 1820 757 1893 infra
782 1829 1051 1892 testamentum
1078 1815 1181 1913 regis
1206 1814 1349 1913 aliquid
1377 1815 1431 1886 in·

271 1922 424 2016 vaserit,
434 1931 500 1994 aut
514 1944 598 1992 cum
614 1945 681 1994 sex
696 1918 796 2014 iurit,
813 1922 911 2016 quod
926 1919 1023 1991 infra
1036 1915 1302 1992 terminatione
1316 1927 1431 1990 testa·

272 2021 390 2096 menti
408 2020 504 2093 nihil
524 2019 738 2112 invasisset,
766 2031 831 2093 aut
852 2043 937 2093 cum
956 2022 1006 2094 60
1024 2018 1157 2093 solidis
1176 2042 1329 2091 omnem
1347 2019 1430 2092 red-

272 2121 454 2195 ditionem
474 2118 661 2193 restituat.

373 2226 407 2294 t.
450 2218 492 2293 Si
520 2230 647 2294 autem
674 2219 814 2293 ibidem
842 2220 940 2292 inira
967 2219 1275 2294 terminationem
1303 2218 1430 2317 aliqua

170 2355 195 2399 r·
209 2338 260 2388 tte
272 2318 428 2395 iudicia*
443 2345 511 2395 seu
526 2332 627 2395 sarte
641 2320 702 2394 vel
717 2319 939 2394 butinasaut
951 2321 1085 2394 mutuli
1095 2322 1194 2394 facte
1206 2330 1428 2415 exteterent,

270 2424 316 2496 ad
338 2430 619 2495 sacramentum
639 2447 713 2495 non
739 2421 971 2518 admittatur,
995 2423 1062 2495 sed
1086 2422 1124 2494 in
1147 2421 1313 2520 presenti
1342 2446 1428 2494 curn

270 2519 608 2654 legispeneiicium
628 2534 786 2680 cogaltur
803 2523 1016 2634 restituere,
1038 2619 1091 2682 d·
1287 2623 1307 2684 6
1340 2623 1359 2684 ⁷

366 2619 574 2886 ,gate-
599 2623 655 2781 t
674 2640 795 2780 nr
816 2625 980 2813 tall
1001 2641 1039 2780 r
1058 2622 1427 2781 utrem

426 2821 499 2864 Ol'es
514 2822 563 2864 em
582 2815 608 2871 4.

754 2953 897 3008 necno.
919 2935 960 3008 B.

268 3069 294 3130 si
323 3087 437 3152 magna
466 3087 536 3130 enm
561 3069 790 3134 traducum
821 3071 1001 3134 traditionis
1032 3090 1101 3135 cum
1132 3072 1264 3135 totidem
1292 3075 1425 3133 numero

268 3152 374 3236 pueris
397 3154 535 3226 accedat,
557 3158 589 3214 et
610 3152 657 3215 sio
679 3152 724 3217 eis
750 3157 972 3234 praesentibus
997 3156 1132 3237 pretium
1155 3158 1271 3230 tradat,
1293 3163 1324 3216 et
1345 3175 1426 3237 pos-

267 3235 441 3299 sessionem
471 3237 617 3318 accipiat,
647 3246 678 3301 et
703 3238 869 3320 unicuique
898 3241 937 3301 de
964 3240 1103 3321 parvulis
1132 3242 1242 3322 alapas
1272 3242 1370 3302 donet
1396 3249 1427 3302 et

267 3328 395 3402 torquet
416 3321 584 3395 auriculas,
606 3329 640 3384 ut
662 3321 690 3383 ei
713 3324 915 3403 postmodum
939 3324 1148 3387 testimonium
1172 3327 1356 3406 praebeant.
1394 3324 1426 3386 Si

195 3457 200 3466 .,
267 3412 372 3467 autem
385 3411 480 3468 testes
493 3425 556 3467 non
568 3405 706 3486 potuerit
718 3426 921 3489 congregare,
934 3417 966 3470 ut
978 3408 1006 3468 ei
1018 3410 1230 3472 testimonium
1242 3412 1428 3490 praebeant,

237 3502 239 3506 ‘
266 3497 339 3550 tunc
359 3508 428 3550 rem
450 3509 538 3552 suam
562 3492 666 3555 eumd
690 3490 755 3552 sive
774 3511 844 3552 cum
859 3496 878 3556 7
895 3511 964 3553 cum
980 3494 1170 3555 sacramenti
1186 3494 1426 3575 interpositione

266 3573 325 3634 sihi
348 3573 473 3634 studeat
495 3572 683 3634 evindicare.

371 3659 401 3719 2.
438 3655 469 3718 Si
491 3656 560 3736 quis
581 3663 759 3718 consortem
776 3677 865 3719 suum
882 3659 1200 3742 quantulumcumque
1222 3661 1425 3744 superprise-

265 3740 315 3814 rit,
338 3757 408 3800 cum
432 3743 471 3805 15
494 3739 603 3802 solidis
626 3739 778 3803 restituat.

370 3826 400 3890 3.
443 3823 475 3885 Si
508 3830 612 3886 autem
641 3823 724 3886 inira
754 3832 974 3889 testamentum
1002 3829 1085 3910 regis
1114 3829 1233 3910 aliquid
1262 3829 1424 3902 invaserit,

265 3915 318 3969 ant
351 3926 420 3969 eum
453 3911 473 3973 6
503 3908 600 3980 iuret,
628 3909 713 3989 quod
743 3908 825 3970 infra
856 3911 1108 3974 terminationem
1140 3914 1320 3976 testamenti
1348 3914 1425 3976 nihil

263 3991 440 4065 invasisset,
462 4001 517 4054 aut
538 4011 607 4055 eum
630 3995 671 4058 60
694 3993 802 4056 solidis
825 4012 951 4056 omnem
973 3995 1182 4058 redditionem
1206 3997 1361 4065 restituat.

142 4099 157 4126 s
248 4131 254 4143 .
369 4081 399 4142 4.
426 4076 474 4139 si
501 4086 605 4139 antem
632 4077 748 4139 ibidem
774 4077 856 4140 inira
884 4079 1154 4142 terminationem*
1177 4081 1282 4162 aliqua
1309 4081 1425 4148 iudicia

265 4178 321 4222 sua
346 4169 413 4223 arte
428 4160 485 4223 ‘vel
506 4161 635 4224 hutinae
664 4170 718 4224 aut
744 4162 854 4243 mutuli
875 4162 959 4226 facta
982 4164 1150 4238 extiterint,
1173 4167 1214 4227 ad
1237 4184 1423 4228 sacramen-

264 4249 329 4304 tnm
352 4264 416 4306 non
440 4245 633 4320 admittatur,
656 4247 712 4308 sed
735 4244 765 4306 in
788 4255 956 4328 praesente
972 4267 1042 4311 cum
1057 4249 1135 4330 legis
1151 4248 1305 4310 beneficio
1324 4269 1424 4334 eoga-

177 4392 180 4396 ,
264 4333 315 4388 tur
337 4329 511 4412 restituere.

370 4416 399 4478 5.
443 4411 535 4484 Quod
559 4414 586 4476 si
608 4419 696 4475 extra
721 4432 860 4476 marcam
882 4415 913 4476 in
940 4425 1058 4478 sortem
1089 4418 1218 4479 alterius
1246 4417 1341 4480 fuerit
1369 4419 1423 4478 in-·

264 4514 400 4580 gressus,
421 4495 569 4558 iudicium
591 4498 863 4580 conpraehensum
887 4500 1082 4581 conpellatur
1104 4502 1288 4583 adimplere.
