3090 5258
684 405 759 462 tux
778 402 965 461 lllBUdlllA.

728 599 872 654 acono.
894 580 931 652 Α.

794 701 849 773 lV.

346 821 384 896 Si
414 820 498 919 quis
527 821 715 918 ingenuus
742 819 861 893 altero
880 817 1202 916 transpuncxerit,
1225 828 1289 890 aut
1309 816 1409 891 infra

246 933 371 997 costas
398 921 625 1020 placaverit,
655 924 702 995 36
728 920 872 994 solidos
893 919 1094 1018 culpabilis
1115 919 1322 1013 iudicetur,
1341 930 1410 992 aut

246 1049 330 1098 curn
351 1047 417 1098 sex
437 1021 536 1095 iurit.

143 1167 164 1209 p.
181 1149 234 1200 21⁴.
799 1123 839 1192 V.

348 1249 378 1316 1.
406 1242 446 1316 Si
473 1241 557 1340 quis
584 1241 771 1338 ingenuus
800 1241 1008 1339 ingenuum
1036 1239 1245 1313 auriculam
1273 1262 1409 1312 excus-

245 1344 351 1440 serit,
372 1354 412 1416 ut
431 1344 560 1416 audire
579 1368 653 1416 non
674 1344 814 1440 possit,
837 1344 908 1415 100
926 1341 1069 1415 solidos
1091 1339 1290 1438 culpabilis
1310 1338 1407 1411 iudi-

245 1455 361 1519 cetur.
397 1443 435 1518 Si
456 1455 583 1517 autern
604 1444 733 1517 audire
752 1468 826 1515 non
850 1441 1067 1540 perdiderit,
1087 1445 1137 1517 50
1158 1441 1301 1515 solidos
1327 1441 1408 1512 cul-

247 1546 381 1644 pabilis
401 1545 597 1618 iudicetur.

346 1651 379 1721 2.
415 1645 456 1718 Si
483 1669 615 1719 nasum
642 1643 874 1738 excusserit,
903 1653 944 1716 ut
968 1667 1144 1716 muccare
1171 1667 1244 1715 non
1268 1641 1406 1740 possit,

247 1751 319 1821 100
355 1747 498 1820 solidos
533 1745 732 1844 culpabilis
760 1745 955 1817 iudicetur.
1021 1744 1061 1817 Si
1090 1766 1265 1816 inuocare
1293 1767 1407 1840 prae·

244 1847 349 1942 valit,
367 1850 417 1921 50
436 1847 580 1921 solidos
601 1846 799 1944 culpabilis
819 1845 1016 1919 iudicetur.

389 1948 421 2000 ln
440 1949 516 2002 codd.
537 1946 593 2000 57
612 1948 661 2000 doc
680 1951 759 2015 caput
776 1951 813 2000 lto
832 1949 949 2016 leyttor:
1124 1993 1128 2001 ,

349 2018 379 2079 Si
409 2020 477 2098 quis
505 2017 658 2098 ingenuus
687 2018 821 2101 ingenuo
851 2037 961 2080 nasum
986 2016 1173 2088 excusserit,
1199 2021 1233 2076 ut
1259 2033 1405 2077 muscum

349 2103 487 2163 retinere
506 2122 568 2163 non
589 2101 703 2182 possit,
726 2104 766 2166 50
782 2101 901 2163 solidos
926 2101 1088 2182 culpabilis
1108 2100 1272 2161 iudicetur.
1315 2100 1354 2161 Et
1375 2103 1407 2161 si

350 2205 491 2248 moccum
516 2185 652 2247 retinere
674 2185 799 2267 poterit,
822 2189 862 2252 25
879 2184 999 2247 solidos
1022 2183 1183 2265 culpabilis
1205 2183 1368 2246 iudicetur.

346 2275 379 2345 3.
407 2273 445 2346 Si
468 2273 550 2371 quis
570 2273 757 2370 ingenuus
778 2272 982 2368 ingenuum
1003 2271 1154 2345 oculum
1178 2271 1407 2368 excusserit,

247 2377 319 2447 100
336 2373 479 2447 solidos
507 2373 705 2472 culpabilis
725 2373 921 2446 iudicetur.
958 2372 996 2445 Si
1020 2373 1142 2445 visum
1167 2372 1205 2444 in
1226 2371 1406 2445 occulum

243 2474 437 2649 pppitiictppgp,
465 2487 502 2548 et
521 2475 649 2548 videre
675 2500 749 2548 non
771 2484 932 2573 poterat,
958 2477 1007 2548 50
1029 2473 1171 2547 solidos
1198 2472 1406 2572 culpabilis

244 2723 1183 2736 mmm—W..
1188 2726 1410 2738 ...Μ-,-

732 2802 753 2854 u
772 2800 872 2854 cono.
889 2781 931 2853 B.

794 2899 845 2960 lV.
944 2897 949 2904 '

704 3002 757 3062 De
780 3011 937 3082 puncto.

347 3103 378 3165 Si
409 3103 476 3186 quis
505 3103 657 3186 ingenuus
680 3103 811 3168 alterurn
843 3105 1087 3184 transpunxerit,
1117 3111 1171 3166 aot
1191 3105 1274 3167 infra
1296 3115 1409 3170 costas

243 3189 427 3270 plagaverit,
449 3192 490 3254 30
513 3187 622 3249 solidis
643 3188 806 3269 culpabilis
828 3189 990 3261 iudicetur,
1014 3197 1067 3249 aut
1089 3208 1158 3249 cunr
1181 3192 1200 3254 0
1223 3189 1315 3253 iuret.

140 3333 163 3374 r·
179 3315 231 3366 214.
803 3310 840 3370 V.

631 3411 683 3470 De
705 3411 1013 3473 debilitatibus.

350 3514 376 3575 1.
399 3511 430 3572 Si
446 3511 514 3592 quis
530 3512 682 3592 ingenuus
698 3512 833 3595 ingenuo
849 3513 1020 3573 auriculam
1037 3515 1220 3588 excusserit,
1243 3523 1276 3576 ut
1291 3516 1409 3577 audire

242 3613 305 3654 non
333 3595 442 3674 possit,
474 3598 533 3661 100
555 3595 663 3656 solidis
686 3595 848 3676 culpabilis
871 3596 1034 3659 iudicetur.
1079 3598 1110 3658 Si
1133 3606 1236 3661 autern
1260 3599 1407 3661 auditum

243 3697 306 3738 non
328 3677 509 3758 perdiderit,
533 3682 573 3744 50
596 3677 704 3740 solidis
726 3687 886 3760 conponat

348 3765 377 3827 2.
406 3761 436 3822 Si
460 3781 572 3823 nasum
594 3764 773 3835 excusserit,
797 3771 830 3824 ut
845 3783 988 3826 muccare
1004 3785 1066 3826 non
1083 3766 1192 3846 possit,
1221 3769 1277 3833 100
1293 3767 1408 3830 solidis

243 3843 405 3926 culpabilis
419 3845 583 3908 iudicetur.
620 3846 650 3907 Si
666 3866 811 3908 muccare
827 3849 998 3928 praevalet,
1015 3853 1055 3915 50
1070 3851 1179 3912 solidis
1194 3858 1407 3933 conponatur.

346 3933 376 3996 3.
404 3929 434 3992 Si
455 3929 523 4011 quis
543 3931 696 4012 ingenuus
716 3932 849 4014 ingenuo
865 3932 989 3994 oculum
1013 3935 1194 4010 excusserit,
1218 3938 1277 4001 100
1292 3935 1408 3997 solidis

242 4011 406 4094 culpabilis
435 4013 597 4077 iudicetur.
641 4016 672 4077 Si
702 4015 787 4076 visus
816 4015 847 4076 in
871 4017 962 4079 oculo
985 4018 1144 4090 restiterit,
1174 4018 1218 4081 ita
1239 4027 1273 4080 ut
1295 4020 1407 4082 videre

242 4105 326 4159 non⁸
348 4098 457 4178 possit,
481 4103 521 4166 50
543 4099 650 4162 solidis
673 4099 834 4182 culpabilis
856 4100 1018 4164 iudicetur.

242 4281 266 4350 a)
287 4300 341 4336 non
361 4288 481 4339 inserunt
502 4285 525 4340 1.
544 4285 644 4341 4-10.
667 4287 709 4341 12.
730 4289 809 4355 Hor„-
833 4291 908 4344 deest
926 4289 952 4344 2.
972 4288 999 4342 3.
1021 4287 1063 4342 11.
1086 4287 1200 4342 13-·17.
1224 4289 1266 4344 19.
1286 4295 1313 4345 et
1331 4295 1408 4360 apud

241 4356 312 4409 Stel.
336 4357 379 4410 Til.
398 4359 474 4412 Liad.
