3090 5258
527 490 604 547 LEX
621 488 808 547 urnulam.
1211 494 1246 548 60

570 683 713 739 acono.
734 666 774 738 A.

189 808 224 880 3.
253 804 411 893 Quod
381 830 413 879 sr
433 828 479 878 ex
497 804 570 899 his,
595 805 658 902 qui
680 803 895 904 conscripta
907 806 968 879 vel
987 806 1125 880 tradita
1146 819 1246 902 sunt,

85 905 201 980 simul
222 903 513 1003 consumpserit,
532 904 624 977 nihil
642 905 823 1002 requirat

578 1040 764 1115 XXXVIII
1253 1057 1345 1113 urea.

190 1161 231 1235 Si
252 1161 336 1259 quis
355 1161 548 1234 hominem
568 1161 810 1235 innocentem
829 1161 874 1232 ad
894 1185 1025 1258 regem
1045 1187 1246 1237 accusave-

85 1264 147 1358 rit,
167 1263 365 1360 sexaginta
384 1262 527 1335 solidos
547 1261 744 1359 culpabilis
764 1261 960 1334 iudicetur.

586 1399 738 1472 XXXIX.

189 1519 229 1592 Si
256 1518 338 1616 quis
367 1519 572 1632 ingenuam
602 1518 803 1593 mulierem
832 1540 987 1591 manum
1013 1517 1244 1614 extrinxerit,

90 1621 136 1694 15
164 1619 308 1693 solidos
338 1619 537 1734 culpabilis
563 1619 758 1693 iudicetur.
796 1619 906 1694 Certe
940 1618 972 1692 si
1003 1643 1118 1715 super
1142 1621 1245 1719 cupi-

88 1722 178 1794 dum
197 1744 350 1793 manum
370 1720 526 1816 miserit
546 1722 595 1796 30
613 1720 755 1795 solidos
775 1720 871 1794 mult
856 1731 967 1794 t.etur

629 1857 701 1931 XL.

189 1977 230 2052 Si
266 1976 349 2073 quis
387 1977 574 2050 cahallurn
618 1989 723 2050 extra
764 1975 966 2051 consilium
1007 1975 1150 2050 domini
1185 1976 1244 2052 sui

90 2079 314 2172 ascenderit,
336 2082 384 2152 30
403 2077 545 2152 solidos
565 2076 763 2176 culpabilis
784 2077 981 2150 iudicetur.

619 2213 706 2287 XLI.
1253 2231 1340 2290 arar.

192 2343 223 2407 1.
252 2332 292 2406 Si
312 2333 395 2432 quis
415 2332 604 2432 ingenuus
626 2333 834 2432 ingenuum
854 2332 1030 2432 ligaverit
1054 2331 1146 2406 etei
1169 2333 1244 2405 oul-

570 2551 714 2606 acoun.
736 2533 777 2606 Β.

193 2673 224 2736 3.
249 2670 341 2744 Quod
358 2669 383 2731 si
400 2689 439 2730 ex
454 2669 520 2744 his,
539 2689 621 2751 quae
637 2671 815 2751 conscripta
838 2670 886 2732 veI
908 2669 1024 2732 tradita
1047 2675 1130 2741 sunt,
1153 2668 1245 2732 simul

90 2755 352 2835 consumpserim,
375 2753 453 2815 nihil
473 2756 624 2834 requirat.

631 2875 696 2936 XL.
1252 2896 1274 2938 p·
1288 2881 1342 2930 2³³.

91 2977 137 3040 De
153 2996 199 3039 eo
216 2975 279 3057 qui
294 2975 487 3038 hominem
502 2977 750 3039 innocentem
766 2977 812 3038 ad
828 2993 959 3057 regern
980 2975 1243 3039 accusaverit.

193 3079 226 3138 Si
268 3079 337 3159 quis
380 3078 539 3140 hominem
580 3079 779 3142 innocentem
821 3067 1004 3161 ad³regem
1041 3079 1244 3150 accusaverit,

90 3165 127 3230 30
142 3163 252 3226 solidis
275 3162 438 3243 culpabilis
459 3163 623 3226 iudicetur.

629 3282 708 3345 XLI.

90 3385 140 3448 De
173 3405 221 3448 eo
255 3385 324 3467 qui
353 3386 556 3466 ingenuae
585 3383 736 3445 mulieri
765 3402 917 3446 manum
949 3382 1010 3444 vel
1038 3381 1243 3445 brachium

555 3467 770 3530 strinxerit.

194 3570 225 3632 si
259 3570 328 3652 quis
362 3571 515 3652 ingenuae
543 3569 665 3632 mulieri
694 3587 819 3631 manum
853 3569 1028 3643 strinxerit,
1063 3571 1101 3637 15
1134 3569 1244 3632 solidis

91 3654 250 3736 culpabilis
273 3654 436 3718 iudicetur.
491 3653 583 3718 Certe
616 3653 642 3716 si
672 3672 767 3735 super
795 3651 931 3715 cubitum
962 3673 1089 3715 manum
1117 3653 1245 3727 miserit,

91 3741 128 3806 30
144 3738 254 3801 solidis
278 3738 435 3802 multetur
622 3820 715 3883 XLH

122 3923 180 3984 «De
204 3924 369 3986 caballo
393 3933 509 3986 extra
532 3923 747 3985 consilium
770 3922 918 3983 domini
940 3923 997 3985 sui
1021 3941 1202 3984 ascenso.

193 4025 225 4086 Si
248 4026 317 4106 quis
346 4025 502 4088 caballum
525 4037 613 4087 extra
636 4043 823 4087 consensum
847 4022 963 4084 domini
987 4023 1035 4085 sui
1057 4023 1245 4096 ascenderit,

92 4109 130 4173 30
151 4109 261 4172 solidis
283 4109 445 4190 culpabilis
467 4110 631 4172 iudicetur.

610 4227 717 4292 XLIII.
1250 4233 1340 4296 pm

361 4333 413 4394 De
435 4331 685 4414 ligaminibus
707 4330 976 4411 ingenuorum.

196 4436 223 4499 l.
257 4435 288 4496 Si
323 4433 392 4516 quis
424 4435 577 4516 ingenuus
607 4435 775 4517 Ingenuum
803 4430 945 4514 IIgaverit
972 4438 1004 4492 et
1030 4431 1094 4493 eius
1119 4433 1244 4513 culpam
