3090 5258
709 467 786 524 LEX
804 467 993 526 ardunum.

750 662 894 718 suoru.
914 645 953 718 Α.

791 782 912 856 XLIX.

373 905 480 992 Quod
501 903 532 977 si
549 901 753 977 adfatimus
776 902 889 975 fuerit
908 901 1006 976 iuter
1026 901 1148 975 virum
1163 912 1201 975 et
1215 899 1425 993 mulierem,

271 1017 360 1104 post
378 1005 588 1079 discessum
608 1005 804 1076 amborum
824 1004 869 1076 ad
890 1003 1084 1102 legitimus
1102 1002 1252 1075 heredis
1266 1011 1427 1078 reverta·

272 1119 345 1202 tur,
373 1105 445 1179 nisi
473 1116 641 1200 tantum⁷
667 1129 763 1202 quae
790 1128 880 1202 pare
915 1129 984 1178 suo
1005 1102 1269 1202 supervixerit,
1293 1101 1332 1173 in
1356 1100 1428 1174 ele·

273 1207 423 1282 mesina
441 1208 503 1280 vel
522 1206 559 1278 in
580 1231 648 1280 sua
667 1205 897 1279 necessitate
916 1203 1148 1303 expenderit.
1258 1249 1262 1254 -

174 1375 197 1416 r·
212 1357 262 1404 238.
832 1342 871 1414 L.

379 1475 409 1537 1.
462 1463 501 1535 Si
531 1461 614 1561 quis
641 1461 751 1536 testis
780 1463 824 1534 ad
854 1462 969 1535 mallo
1000 1472 1086 1534 ante
1121 1457 1340 1533 centenario
1371 1457 1430 1530 vel

276 1564 426 1659 comite,
442 1588 509 1636 seu
528 1575 615 1636 ante
634 1564 741 1658 duee,
755 1561 915 1660 patricio
934 1562 994 1635 vel
1013 1561 1095 1660 regi
1114 1584 1272 1634 necesse
1292 1561 1432 1631 habue-

274 1665 335 1759 rit⁷
354 1675 395 1737 ut
414 1667 554 1738 donent
567 1662 845 1756 ‘testimouium
865 1675 902 1736 et
920 1664 1083 1737 fortasse
1102 1661 1211 1735 testis
1230 1661 1431 1734 noluerunt

276 1768 321 1839 ad
349 1765 532 1864 placitum
557 1765 700 1860 venire,
729 1764 795 1856 int
824 1764 887 1862 qui
912 1789 999 1837 eum
1027 1761 1286 1838 necessarium
1305 1762 1430 1854 habet,

277 1867 419 1940 manire
441 1866 526 1940 ilios
547 1867 669 1961 debet,
688 1877 730 1938 ut
744 1865 1018 1961 testimonium,
1043 1867 1142 1962 quod
1158 1863 1294 1958 sciunt,
1319 1861 1430 1935 iurati

277 1967 414 2041 dicant.

377 2068 411 2141 2.
439 2065 546 2155 Quod
566 2066 598 2140 si
618 2066 818 2161 noluerint,
838 2078 876 2140 et
893 2067 1033 2140 falsum
1049 2065 1309 2140 testimonium
1325 2068 1433 2163 pra'e·

276 2167 438 2262 buerint,
458 2177 495 2240 et
512 2168 585 2240 huc
602 2169 848 2265 adprobatum
865 2167 991 2262 fuerit,
1012 2167 1269 2265 unusquisque
1285 2167 1332 2239 de
1347 2165 1432 2238 illos

276 2282 355 2343 tres
375 2268 484 2343 testis
503 2278 562 2340 ter
581 2269 714 2366 quinos
734 2269 878 2342 solidos
897 2268 1090 2342 multetur.

827 2405 883 2477 Ll.

382 2532 412 2601 1.
447 2526 485 2600 Si
507 2524 589 2624 quis
608 2525 771 2598 iudicem
789 2523 959 2598 fiscalem
980 2526 1025 2596 ad
1045 2549 1105 2598 res
1125 2523 1269 2597 alienas
1293 2523 1433 2597 iniuste

752 2761 776 2813 r
795 2759 897 2814 corn.
914 2743 957 2814 Β.

832 2877 879 2938 L1.

701 2980 751 3038 De
775 2979 1012 3042 adfatimire.

386 3080 479 3154 Quod
513 3081 538 3143 si
571 3079 738 3143 adfatimus
765 3080 860 3142 fuerit
885 3080 967 3142 inter
991 3081 1089 3142 virum
1112 3088 1144 3142 et
1167 3082 1341 3154 mulierem,
1365 3089 1435 3161 post

281 3167 437 3229 dicessum
452 3167 618 3227 amborum
635 3165 675 3226 ad
691 3165 844 3246 legitimus
859 3165 994 3228 heredes
1014 3173 1201 3238 revertatur,
1223 3165 1281 3226 nisi
1303 3171 1434 3238 tautum,

282 3250 335 3332 qui
359 3269 466 3330 parem
490 3270 580 3312 suum
603 3249 821 3331 supervixerit,
841 3249 873 3309 in
894 3250 1088 3332 aelymosina
1110 3250 1158 3311 vel
1173 3249 1203 3310 in
1220 3269 1276 3311 sua
1292 3249 1436 3312 necessi-

282 3343 346 3398 tate
368 3332 560 3415 expenderit.

182 3464 204 3506 ρ.
220 3444 271 3493 aas.
691 3429 693 3431 ·
827 3417 879 3478 LII

589 3520 642 3580 De
665 3519 843 3581 testibus
867 3519 1125 3581 adhibendis.
1201 3566 1204 3572 .

390 3625 417 3685 1.
441 3621 472 3682 Si
494 3621 563 3701 quis
586 3628 681 3682 testes
697 3621 737 3682 ad
755 3621 879 3683 mallum
898 3628 971 3682 ante
986 3621 1199 3682 centenarium
1216 3623 1265 3683 vel
1280 3621 1437 3694 comitem,

284 3725 340 3768 seu
373 3712 445 3768 ante
481 3705 610 3781 ducem,
643 3704 806 3785 patricium
842 3705 891 3766 vel
919 3725 1024 3786 regem
1056 3724 1184 3767 neeesse
1217 3705 1371 3780 habuerit,
1404 3713 1437 3767 ut

284 3791 403 3852 donent
429 3788 658 3861 testimonium,
688 3797 718 3849 et
746 3788 884 3850 fortasse
914 3796 1009 3851 testes
1038 3791 1195 3851 noluerint
1223 3793 1262 3852 ad
1288 3790 1437 3869 placitum

282 3874 401 3945 venire,
423 3873 490 3945 ille,
512 3872 563 3952 qui
587 3892 642 3936 eos
665 3872 863 3935 necessarius
886 3874 997 3946 habet,
1021 3874 1162 3935 mannire
1183 3874 1254 3937 illus
1278 3875 1382 3948 debet,
1406 3883 1439 3936 ut

283 3958 505 4029 testimonium,
528 3959 613 4038 quod
636 3957 746 4028 sciunt,
767 3957 859 4018 iurati
883 3958 996 4020 dicant.

390 4048 419 4108 2.
434 4040 535 4114 ¹Quod
564 4041 590 4104 si
617 4040 781 4115 noluerint,
804 4050 835 4102 et
855 4040 968 4104 falsum
990 4041 1204 4102 testimonium
1227 4042 1439 4122 praebuerint,

284 4136 315 4188 et
347 4127 410 4188 hoc
440 4129 648 4206 adprobatum
685 4126 791 4200 fuerit,
825 4127 1038 4208 unusquisque
1077 4125 1116 4186 de
1155 4127 1214 4188 illis
1254 4128 1273 4191 3
1306 4126 1439 4188 testibus

287 4214 324 4277 15
348 4211 456 4274 solidis
479 4211 634 4272 multetur.

822 4312 895 4373 [ΙΙΙ.

378 4418 429 4478 De
452 4433 497 4476 eo
520 4415 584 4495 qui
610 4413 830 4495 grafionem
858 4416 903 4477 ad
926 4433 987 4476 res
1016 4415 1166 4477 alienas
1193 4413 1346 4476 invitat.

393 4521 420 4584 1.
436 4517 466 4577 Si
485 4517 553 4598 quis
572 4517 706 4578 iudicem
730 4517 869 4580 fiscalem
885 4518 924 4578 ad
941 4536 992 4578 res
1008 4516 1126 4579 alienas
1143 4517 1256 4579 iniuste
1270 4515 1441 4590 tollendas,
