3090 5258
538 541 615 598 Lnx
635 537 822 597 nlssunnin

578 735 601 789 e
619 733 722 790 cono.
741 716 780 791 Α.

659 855 701 928 Χ·
1271 913 1292 955 ρ.
1309 891 1360 941 nc.

206 983 239 1052 1.
272 976 313 1052 Si
348 975 435 1074 quis
466 974 661 1050 hominem
689 973 992 1048 ecciesiasticom
1027 975 1262 1073 interficerit,

99 1084 178 1156 100
192 1079 340 1154 solidos
357 1075 557 1174 culpabilis
576 1075 777 1173 indicetur,
795 1086 861 1149 aut
880 1100 965 1150 cum
988 1078 1033 1152 12
1050 1076 1149 1152 iurit.

204 1201 239 1274 2.
274 1196 338 1270 Sic
372 1196 409 1269 in
441 1196 588 1294 reliqua
615 1195 905 1295 conposicione,
938 1197 1035 1270 unde
1063 1197 1262 1272 Ribuan‘os

101 1301 151 1376 15
183 1300 327 1374 solidos
363 1298 561 1396 culpabilis
594 1296 804 1390 iudicetur,
847 1296 977 1396 regius
1014 1309 1052 1371 et
1084 1297 1263 1373 ecclesio·

96 1401 222 1477 sticos
245 1401 360 1474 horno
384 1399 630 1474 medietatem
652 1409 853 1496 conponat,
873 1398 935 1473 vel
956 1397 1134 1497 deinceps
1148 1425 1264 1498 quan-

96 1515 335 1599 tumcunque
355 1501 467 1598 colpe
486 1500 712 1575 ascenderit.

653 1655 712 1728 Xl.

209 1783 239 1851 1.
274 1776 313 1851 Si
345 1776 430 1874 quis
460 1801 546 1849 eum
577 1773 798 1849 interficerit
834 1774 897 1874 qui
934 1775 971 1848 in
1002 1786 1122 1850 truste
1156 1777 1264 1876 regie

97 1889 175 1975 eso
203 1879 280 1952 ὅθί)
297 1877 441 1953 solidos
474 1875 676 1974 culpabilis
702 1875 901 1952 indicetur.
945 1877 991 1952 Et
1018 1876 1199 1977 quidquid
1229 1877 1264 1952 ei

95 1980 228 2071 fletur,
246 1978 422 2054 simiiiter
441 1977 541 2054 sicut
559 1979 605 2051 de
623 1977 773 2077 reliquo
790 1977 970 2054 Ribnario
987 1979 1024 2052 in
1043 1980 1159 2078 inpio
1178 2004 1268 2054 con-

95 2093 276 2181 ponatur.

207 2203 240 2276 2.
270 2199 325 2273 Dc
344 2200 565 2274 hoccisione
585 2197 680 2296 eius,
700 2197 732 2272 si
752 2199 962 2299 negaverit,
991 2224 1078 2273 cum
1097 2201 1144 2274 72
1165 2200 1266 2275 iurit.

207 2323 240 2394 3.
268 2319 308 2394 Si
327 2319 412 2418 quis
431 2315 541 2418 regio
561 2330 627 2392 eut
645 2318 908 2394 ecclesiastico
927 2319 1082 2394 homine
1109 2320 1156 2393 de
1175 2345 1268 2418 qna·

99 2419 363 2519 comqneiibei
387 2443 471 2494 rein
495 2420 660 2493 iorciuin
677 2421 812 2495 fecerit
841 2432 879 2494 et
903 2445 973 2520 per
998 2421 1076 2493 vim
1106 2420 1268 2517 tollent,

97 2523 140 2596 in
160 2522 276 2621 triplo
296 2521 395 2596 sicut
413 2521 561 2621 reliquo
579 2521 757 2594 Ribuario
777 2519 1049 2620 conponatur*.

209 2657 234 2741 ⁴²)
259 2663 313 2720 eut
335 2656 425 2720 simili
449 2657 546 2718 modo
569 2677 639 2718 cum
662 2660 703 2722 72
724 2658 807 2719 iuret
825 2661 902 2715 odoi!
919 2660 949 2724 9,

577 2952 722 3011 eccon.
743 2937 784 3009 B.

667 3071 707 3134 X·
1096 3083 1099 3088 .

210 3174 261 3236 De
282 3173 511 3236 homicidiis
533 3173 733 3236 hominum
759 3173 1153 3238 ecclesiasticorum.
1273 3128 1296 3168 p
1311 3113 1365 3164 21⁸.

212 3282 240 3343 i.
264 3277 295 3339 Si
314 3277 383 3358 quis
402 3276 569 3338 hominem
588 3276 832 3339 ecclesiasticum
854 3275 1049 3348 interficerit,
1074 3281 1133 3344 100
1156 3277 1266 3340 soiitiis

99 3361 271 3443 culpabile
296 3361 458 3434 innectar,
481 3370 537 3424 ouo
557 3379 626 3422 cum
652 3364 691 3427 ie
715 3360 806 3424 iuret.

211 3469 241 3529 2.
264 3464 316 3526 Sic
336 3465 368 3526 in
391 3463 513 3544 reliqua
536 3461 772 3544 conpositione,
800 3464 884 3524 ende
904 3462 1070 3526 Ribuerios
1096 3466 1133 3531 15
1156 3463 1265 3526 solidis

98 3548 269 3631 culpabilis
290 3549 461 3620 iudicetur,
490 3549 594 3629 regios
624 3554 660 3607 ot
684 3546 911 3610 ecclesiasticos
939 3547 1040 3610 homo
1064 3548 1267 3612 medietatem

98 3642 276 3714 conponat,
299 3633 349 3695 vel
371 3631 519 3713 deinceps
541 3639 827 3713 quantumcumque
850 3632 941 3714 culpa
965 3632 1153 3718 escenderit.

659 3752 712 3815 xl.

178 3856 229 3916 De
250 3853 475 3918 homicidiis
499 3873 646 3928 eornm,
670 3854 790 3936 quiin
813 3862 939 3918 truste
961 3855 1067 3939 regis
1091 3864 1187 3920 sunt.

14 4031 16 4040 A
212 3960 239 4022 1.
262 3957 293 4018 Si
308 3957 378 4038 quis
394 3977 467 4018 eom
483 3955 675 4033 interficerit,
698 3956 751 4038 qui
765 3957 798 4018 io
814 3965 912 4020 truste
927 3959 1012 4038 regie
1030 3966 1087 4030 cot,
1110 3962 1175 4026 600
1185 3960 1268 4022 soii-

96 4043 150 4106 dis
176 4040 340 4122 culpabilis
364 4041 529 4104 indicetur.
572 4041 611 4103 Et
633 4040 779 4122 quicquid
809 4041 837 4102 ei
867 4040 931 4117 fiet,
961 4042 1103 4105 similiter
1126 4043 1205 4106 sicut
1226 4045 1267 4105 de

97 4126 228 4206 reliquo
250 4125 401 4188 Ribuario
424 4126 455 4187 in
478 4127 604 4206 triplum
628 4133 837 4206 conponatur.

209 4231 239 4294 2.
263 4229 309 4289 De
329 4228 487 4290 occisione
506 4227 581 4303 eius,
604 4227 630 4289 si
653 4229 825 4309 negaverit,
847 4247 916 4290 cum
940 4231 981 4295 72
1002 4229 1092 4291 iuret.

210 4333 241 4396 3.
264 4331 296 4392 Si
319 4330 391 4412 quis
410 4331 501 4413 regio
527 4337 581 4393 out
609 4329 823 4393 eeclesiastico
845 4329 964 4393 homini
987 4333 1027 4392 de
1049 4350 1267 4412 quacumque·
1323 4347 1327 4356 ·

97 4417 180 4478 libet
214 4436 249 4476 re
280 4415 406 4476 fortiam
436 4415 548 4477 iecerit
577 4424 609 4476 et
641 4435 699 4497 per
729 4415 789 4476 vim
819 4415 940 4490 tulerit,
970 4416 1001 4477 in
1030 4415 1155 4498 triplum
1187 4418 1267 4478 sicut

97 4500 227 4580 reliquo
249 4500 396 4560 Ribuario
420 4507 588 4580 conponat.
642 4554 646 4561 ,

997 4615 1033 4665 4.
