3110 5232
566 472 643 529 LEX
661 472 849 530 lllBUAlllh.
1248 476 1286 531 89

606 666 630 720 a
648 666 751 723 cona
768 648 809 722 Α.

127 785 240 860 fuerit
258 785 468 958 ingressus,
497 785 677 860 iudicium
705 787 1030 885 conpraehensum
1050 789 1286 887 conpellatur

131 887 256 985 sdimp
275 912 351 962 ere.

227 1007 261 1078 6.
306 1005 414 1093 Quod
439 1005 470 1080 si
499 1016 771 1081 testamentum
798 1006 905 1104 regio
932 1007 1075 1105 absque
1095 1011 1283 1084 contrario

126 1117 355 1181 testamento
375 1106 471 1181 falso
491 1107 725 1203 clamaverit,
744 1132 818 1180 non
838 1106 990 1180 aliunde
1010 1133 1123 1205 quam
1142 1111 1189 1184 de
1208 1110 1284 1184 vita

129 1218 325 1304 conponat.

225 1331 260 1400 7.
296 1327 403 1415 Quod
423 1325 455 1401 si
475 1329 548 1400 duo
568 1337 799 1400 testamenta
818 1350 953 1426 regum
973 1350 1018 1399 ex
1039 1353 1110 1401 una
1125 1352 1206 1402 rem
1223 1355 1284 1402 ex·

128 1427 288 1523 steterit,
307 1452 459 1526 semper
475 1427 579 1527 prior
598 1427 788 1526 duplicem
807 1429 994 1501 sorciatur
1012 1429 1244 1526 porcionem.

224 1550 259 1621 8.
291 1547 449 1635 Quodsi
469 1547 553 1646 quis
573 1548 619 1620 de
640 1546 804 1620 ecclesia
821 1546 963 1644 aliquid
979 1546 1056 1620 vim
1072 1549 1283 1645 abstulerit,

6 1709 8 1760 1
128 1672 211 1720 cum
230 1646 486 1748 superscripta
503 1648 592 1748 lege
612 1647 650 1720 iu
668 1647 825 1746 triplum
844 1648 1028 1722 restituat.

659 1784 750 1857 Llll.

228 1909 260 1978 1.
294 1904 335 1979 Si
354 1903 437 2001 quis
455 1929 607 1978 servum
626 1928 735 1978 suum
753 1891 930 1978 libertum
950 1904 1084 1979 lecerit
1103 1917 1141 1979 et
1160 1905 1282 1980 civem

5 2017 6 2020 ’
124 2005 333 2080 Romanam
362 2016 566 2104 portasque
598 2017 748 2104 apertas
777 2005 1064 2103 conscripserit,
1096 2007 1168 2103 [et]
1199 2007 1282 2082 sine

125 2105 255 2278 {liberis
274 2105 507 2201 discesserit,
525 2131 601 2180 non
618 2107 736 2181 alium
750 2131 864 2205 quam
878 2105 1013 2181 fiscum
1027 2107 1158 2181 habiat
1175 2109 1283 2184 here·

149 2233 222 2282 em.

224 2319 260 2392 2.
297 2317 403 2406 Quod
424 2316 455 2390 si
474 2315 616 2414 aliquid
643 2315 814 2390 criminis
839 2317 1046 2413 admiserit,
1072 2319 1281 2392 secundum
1298 2341 1383 2402 aare.

124 2417 253 2517 legem
277 2418 486 2492 Romanam
518 2416 716 2491 iudicetur.
762 2416 809 2491 Et
835 2417 896 2515 qui
930 2442 1018 2491 eum
1049 2418 1281 2516 interficerit,

127 2522 196 2596 100
215 2518 359 2594 solidos
378 2519 570 2592 multetur.

224 2641 259 2712 3.
311 2637 419 2726 Quod
447 2638 480 2711 si
509 2636 683 2710 dominus
712 2637 793 2710 eius
824 2663 911 2712 eum
939 2649 1025 2711 ante
1059 2663 1150 2737 rege
1177 2640 1281 2713 dina·

121 2738 210 2812 riari
230 2738 405 2834 voluerit,
424 2738 619 2811 licentiam
636 2737 777 2810 habiat.

592 2983 736 3038 acono.
756 2965 799 3037 B.

226 3103 256 3168 6.
293 3101 385 3174 Quod
419 3101 446 3164 si
478 3106 700 3164 testamentum
732 3099 814 3180 regis
837 3103 957 3184 absque
986 3103 1147 3165 contrario
1177 3112 1279 3168 testa-

3 3189 4 3214 *
121 3191 229 3249 mento
251 3185 366 3248 falsum
388 3184 578 3259 clamaverit,
601 3202 665 3246 nou
687 3183 814 3246 aliunde
836 3183 896 3247 nisi
919 3185 959 3248 de
981 3186 1045 3248 vita
1067 3196 1236 3268 conponat.

227 3291 257 3352 7.
293 3288 386 3362 Quod
417 3287 443 3350 si
472 3287 536 3349 duo
563 3292 751 3350 testamenta
773 3304 883 3368 regum
906 3288 946 3350 de
966 3307 1030 3350 una
1052 3308 1087 3350 re
1109 3289 1277 3366 extiterint,

3 3413 5 3456 ,
121 3390 246 3458 semper
267 3371 355 3452 prior
378 3371 535 3453 duplicem
557 3369 710 3434 sortiatur
731 3370 920 3449 portionem.

3 3517 4 3558 ζ
224 3475 254 3540 8.
292 3472 385 3547 Quod
413 3473 440 3536 si
466 3473 534 3554 quis
564 3474 604 3533 de
634 3471 765 3534 ecclesia
797 3472 913 3554 aliquid
944 3474 974 3535 vi
1004 3474 1177 3548 abstulerit,
1208 3494 1277 3537 cum

3 3559 4 3584 l
120 3557 332 3641 superscripta
352 3557 422 3641 lege
442 3557 474 3618 in
497 3557 623 3638 triplum
645 3555 798 3620 restituat.

644 3676 752 3740 Llllll.

267 3781 319 3841 De
341 3779 501 3843 libertis
525 3780 736 3842 secundum
760 3779 888 3861 legem
910 3781 1128 3843 Romanam.

227 3885 254 3947 l.
291 3881 323 3944 Si
346 3882 415 3963 quis
437 3901 561 3944 servum
585 3902 675 3944 suum
696 3880 842 3943 libertum
864 3879 974 3942 feccrit
993 3891 1024 3944 et
1039 3882 1138 3944 civem
1153 3884 1276 3945 Roma-

3 3999 4 4006 *
120 3984 193 4027 num
215 3974 390 4046 portasque
410 3975 537 4047 apertas
560 3964 790 4045 conscripserit,
820 3964 845 4027 si
869 3964 936 4027 siue
956 3967 1063 4027 liberis
1087 3967 1276 4041 discesserit,

121 4069 182 4112 non
205 4050 300 4112 alium
322 4049 382 4112 uisi
404 4048 514 4112 fiscum
536 4057 679 4112 nostrum
703 4049 820 4112 habeat
840 4047 1002 4110 heredem.

223 4155 253 4232 2,
291 4151 384 4226 Quod
414 4152 441 4215 si
469 4153 586 4234 aliquid
613 4150 750 4214 oriminis
778 4148 950 4224 admiserit,
980 4152 1152 4214 secundum
1173 4152 1275 4233 legem
1291 4163 1376 4225 aaa.

119 4236 294 4299 Romanam
304 4235 467 4299 iudicetur.
496 4236 536 4298 Et
550 4236 603 4316 qui
618 4256 689 4298 eum
704 4234 907 4307 interfecerit,
925 4236 985 4301 100
997 4233 1105 4297 solidis
1119 4236 1275 4299 multetur.

223 4341 253 4406 3.
290 4337 383 4413 Quod
416 4338 442 4400 si
476 4337 621 4400 domiuus
648 4338 714 4401 eius
744 4357 815 4400 eum
843 4344 917 4399 ante
944 4354 1050 4419 regem
1081 4337 1276 4400 dirararium

119 4421 224 4485 iacere
246 4422 391 4496 voluerit,
412 4422 569 4485 licentiam
590 4422 719 4485 habeat.
