3110 5232
606 419 683 476 mx
702 417 889 477 11111111.
1251 425 1303 477 no
1417 392 1420 402 ’

154 615 248 678 super
272 593 479 677 quadraginta
507 593 595 655 duas.
641 592 786 654 Similiter
810 604 840 655 et
863 595 902 654 dc
924 594 1071 656 benefitio
1102 596 1247 671 hominis,
1277 597 1303 658 si

152 682 234 742 forte
262 699 313 742 res
342 676 487 758 proprias
519 695 581 737 uon
611 677 772 750 habuerit,
803 677 943 739 mittatur
971 678 1003 739 in
1035 681 1171 740 bannum
1202 701 1302 761 usque

153 784 217 846 quo
239 783 295 825 rex
317 761 537 842 interrogatur.

237 852 266 912 7.
290 846 423 911 XXXV.
448 853 536 926 cap.⁴
580 844 610 905 Si
647 850 757 906 auctor
790 845 910 906 venerit
941 854 972 905 11
1004 865 1069 906 rem
1104 847 1301 909 interciatam

153 933 294 1013 racipere
317 929 486 1001 rennuerit,
510 947 622 1008 campo
644 928 693 988 vel
716 947 809 990 cruce
832 929 1048 991 contendatur.

237 1017 266 1081 8.
289 1013 424 1075 XLVlll.
447 1031 516 1093 cap.
561 1011 621 1084 Qui
642 1011 724 1072 filios
747 1031 810 1073 non
834 1012 980 1074 habuerit
1009 1022 1040 1075 11
1062 1013 1156 1075 alium
1187 1017 1303 1095 quein-

152 1100 228 1161 11111
259 1097 432 1161 haeredem
465 1096 525 1160 sibi
552 1097 657 1156 facere
684 1096 833 1169 voluerit,
867 1114 975 1157 coram
1008 1116 1083 1177 rege
1116 1098 1163 1158 vel
1195 1117 1301 1159 coram

153 1184 266 1244 comite
289 1190 320 1242 et
345 1181 500 1244 scabineis
525 1180 571 1240 vel
595 1179 696 1241 missis
720 1180 893 1253 dominicis,
924 1181 975 1259 qui
1005 1187 1075 1241 tunc
1102 1182 1141 1241 ad
1170 1182 1302 1244 iustitias

153 1266 315 1328 iaciendas
337 1265 369 1325 in
392 1264 551 1346 provincia
574 1263 690 1324 luerint
712 1263 858 1336 ordinati,
883 1263 1083 1325 traditionem
1106 1264 1211 1328 iaciat.

237 1354 267 1416 9.
290 1347 379 1411 LVll.
402 1368 470 1430 cap.
514 1349 618 1409 Homo
650 1346 820 1409 denarialis
851 1366 913 1409 non
944 1355 1018 1409 aute
1043 1348 1242 1411 haereditare
1271 1349 1302 1410 in

153 1453 242 1496 suam
266 1433 465 1514 agnationem
488 1431 613 1512 poterit,
635 1451 729 1512 quam
747 1432 900 1513 usquead
920 1431 1050 1493 terciam
1067 1435 1302 1514 generationem

177 1518 327 1579 erveniat.

154 1538 175 1598 p
240 1604 288 1667 10.
311 1599 433 1662 LXllll.
457 1608 555 1679 cap.⁵.
599 1596 703 1660 Homo
727 1597 912 1661 cartularius
935 1598 1085 1662 similiter.

240 1688 288 1751 11.
311 1684 432 1745 LXVll.
450 1703 517 1764 cap.
555 1682 656 1743 Omne
678 1690 909 1744 sacramentum
931 1683 963 1744 in
979 1684 1109 1747 ccclesia
1133 1691 1186 1746 aut
1207 1703 1302 1764 supra

154 1768 301 1848 reliquias
324 1768 460 1842 iuretnr3
492 1773 522 1828 et
550 1766 633 1847 quod
662 1766 693 1826 in
715 1767 846 1828 ecclesia
873 1767 1040 1829 iurandum
1068 1776 1124 1840 est,
1155 1767 1204 1828 vol
1233 1787 1303 1829 cum

155 1871 212 1916 sex
234 1853 340 1914 electis
363 1852 423 1923 vel,
446 1851 471 1912 si
496 1850 659 1911 duodecim
684 1869 754 1912 esse
776 1853 903 1923 debent,
927 1851 1035 1930 quales
1053 1851 1190 1933 potuerit
1213 1851 1304 1912 inve-

154 1937 236 1998 nire:
264 1937 309 2000 sic
335 1936 421 1997 illum
446 1936 526 1996 Deus
550 1934 674 1996 adiuvet
698 1943 729 1996 et
750 1934 858 2005 sancti,
882 1954 1015 2015 quornm
1044 1935 1123 1998 istae
1154 1934 1304 2017 reliquiae

155 2027 237 2092 sunt,
260 2030 294 2082 ut
317 2021 479 2081 veritatem
503 2020 595 2080 dicat.

241 2108 289 2170 12.
311 2103 437 2165 LXXII.
454 2123 521 2183 cap.
558 2103 589 2164 Si
605 2121 655 2164 res
671 2101 834 2164 interciata
856 2102 942 2163 furto
959 2100 1065 2164 ablata
1087 2101 1190 2174 luerit,
1213 2101 1304 2164 liceat

157 2189 195 2259 ei,
219 2208 312 2269 super
336 2207 428 2270 quem
453 2206 502 2249 res
528 2186 692 2247 interciata
715 2185 818 2258 luerit,
840 2194 1070 2246 sacramentum
1095 2206 1129 2247 se
1153 2204 1302 2247 excusare

156 2273 196 2333 de
218 2273 311 2344 furto,
335 2291 392 2334 nec
413 2290 488 2333 suae
505 2269 670 2332 voluntatis
686 2276 740 2330 aut
759 2269 968 2330 conscientiae
986 2271 1092 2344 luisse,
1109 2270 1192 2351 quod
1209 2268 1304 2330 abla—

155 2363 220 2416 tum
244 2363 309 2429 est;
333 2362 364 2416 11
385 2363 504 2417 tantum
528 2353 595 2416 sine
618 2355 756 2434 dampno
779 2351 932 2415 restituat.

155 2541 307 2672 mmm
331 2545 367 2597 od
391 2547 428 2597 ut.
449 2541 492 2593 33.
521 2541 596 2594 buius
620 2542 749 2594 editionis.
881 2536 907 2605 5)
927 2538 1035 2606 Spectat
1052 2541 1089 2592 od
1106 2544 1143 2592 ut.
1165 2537 1305 2594 6111111

153 2631 169 2670 e
218 2631 285 2670 enta.
