3090 5258
574 471 651 528 LEX
671 470 857 528 nrnunnn.
1259 474 1294 528 75

614 666 638 720 a
656 667 758 722 cono.
776 649 815 722 Α.

139 787 342 878 tollendas,
369 797 572 883 antequam
596 786 629 860 ei
657 783 772 859 fidem
799 786 949 882 fecerit,
977 787 1113 859 autad
1140 787 1295 860 extrodo

141 885 388 961 admallatum
412 886 597 982 hahuerit,
625 886 784 960 invitare
803 887 1114 985 praesumpserit,
1137 886 1194 960 bis
1209 886 1298 959 vici·

140 1013 209 1061 nos
229 999 267 1061 et
286 988 423 1086 quinos
441 987 583 1062 solidos
603 988 795 1061 multetur.

243 1090 277 1164 2.
311 1089 418 1176 Quod
438 1088 469 1162 si
490 1087 575 1186 quis
595 1088 706 1161 iudex
724 1087 866 1163 fiscalis
895 1088 1071 1186 amplius,
1097 1113 1209 1185 quam
1235 1088 1327 1161 lexr·
1344 1094 1396 1143 2³⁹·

138 1187 316 1262 Rihuaria
344 1189 523 1285 contenit,
550 1189 706 1284 tollerit,
731 1189 788 1263 bis
814 1189 961 1264 vicinos
990 1200 1027 1262 et
1054 1188 1188 1288 quinos
1208 1187 1296 1263 soli-

141 1291 209 1364 dos
228 1289 419 1363 multetur.

681 1397 755 1470 Lll.

243 1515 284 1589 Si
312 1515 396 1613 quis
424 1539 506 1589 rem
534 1539 643 1590 suam
671 1516 736 1588 alii
760 1516 1015 1614 praesteterit,
1041 1517 1096 1612 [et
1116 1514 1298 1613 placitum

143 1615 348 1713 indixerit],
374 1617 472 1714 quod
499 1616 531 1688 si
560 1641 674 1714 super
694 1617 875 1715 placitum
894 1642 975 1691 rem
992 1627 1224 1716 praestatam
1242 1641 1299 1690 re·

142 1728 272 1790 tenere
291 1716 602 1816 praesumpserit,
624 1728 681 1792 ter
700 1717 836 1815 quinos
856 1719 999 1792 solidos
1019 1719 1210 1792 multetur.

673 1854 763 1929 Llll.

248 1979 278 2047 1.
299 1972 340 2046 Si
356 1975 437 2071 quis
453 1973 618 2047 iudicem
632 1974 817 2071 fiscalem,
828 1999 941 2072 quem
956 1974 1134 2048 comitem
1149 1986 1299 2068 vocant,

143 2072 374 2170 interficerit,
393 2086 451 2148 ter
469 2077 636 2149 ducenus
656 2076 799 2150 solidus
818 2076 1010 2150 multetur.

245 2177 278 2249 2.
312 2176 420 2263 Quod
445 2176 475 2249 si
503 2175 631 2274 regius
659 2202 754 2275 puer
779 2178 840 2250 vel
867 2202 911 2250 ex
931 2175 1116 2250 tabulario
1146 2179 1298 2249 adeum

144 2278 303 2375 gradum
351 2277 581 2371 ascenderit,
641 2278 784 2352 sexies
816 2279 1103 2376 quinquagenos
1153 2276 1298 2349 solidus

145 2377 336 2450 multetur.

678 2478 765 2550 LIV.

249 2601 280 2669 1.
321 2594 361 2668 Si
389 2596 473 2693 quis
497 2607 624 2670 autem
646 2597 840 2670 hominem
865 2608 1070 2692 mortuum,
1096 2606 1300 2692 antequam

617 2788 761 2843 acono.
782 2771 822 2842 B.

145 2912 315 2986 antequam
331 2903 360 2966 oi
374 2904 469 2965 tidem
485 2904 603 2978 fecerit,
626 2911 679 2968 aut
700 2907 740 2968 ad
756 2907 897 2969 strudom
917 2905 1120 2968 admaliatum
1143 2904 1300 2978 habuerit,

146 2989 279 3051 invitare
302 2989 556 3068 praesumpserit,
579 2993 619 3055 50
642 2990 748 3052 solidis
773 2990 929 3054 multetur.

251 3076 280 3138 2.
305 3072 398 3145 Quod
422 3072 447 3134 si
472 3074 540 3155 quis
562 3073 659 3136 iudex
680 3073 795 3136 fiscalis
812 3074 955 3154 amplius,
978 3092 1073 3155 quarn
1088 3072 1138 3134 lex
1153 3071 1331 3141 Ribuariap.
1347 3080 1398 3130 tto.

147 3157 295 3228 continet,
319 3155 434 3229 tulerit,
458 3160 499 3222 50
522 3157 629 3219 solidis
652 3158 810 3219 multetur.

682 3278 757 3340 LIV.

562 3380 614 3440 De
636 3399 676 3440 re
699 3385 894 3460 prestata.

252 3481 284 3542 Si
307 3482 377 3562 quis
399 3500 467 3541 rem
491 3501 578 3544 suam
603 3481 655 3543 alii
678 3481 877 3562 praestiterit,
912 3487 942 3541 et
972 3479 1118 3560 placitum
1147 3477 1302 3552 indixerit,

147 3565 232 3644 quod
257 3565 282 3627 si
306 3584 400 3646 super
422 3564 568 3645 placitum
591 3585 657 3626 rem
686 3567 866 3647 praestitam
890 3565 1024 3626 retinere
1047 3564 1302 3645 praesumpserit,

151 3651 187 3713 15
210 3649 320 3711 solidis
344 3649 499 3712 multetur.

694 3742 756 3804 LV.

357 3843 409 3906 De
433 3864 477 3906 eo
500 3844 565 3925 qui
587 3844 812 3926 grafionem
836 3845 1093 3906 interficerit.

257 3947 283 4010 1.
308 3945 339 4006 Si
361 3946 430 4027 quis
453 3946 587 4009 iudicem
606 3945 758 4020 fiscalem,
775 3966 867 4026 quem
892 3946 1036 4008 comitem
1053 3952 1178 4017 vocant,
1201 3943 1303 4006 inter-

150 4027 268 4102 fecerit,
290 4031 352 4096 600
369 4029 478 4093 solidis
502 4031 660 4093 multetur.

254 4117 283 4177 2.
307 4112 399 4186 Quod
423 4114 450 4177 si
473 4116 575 4196 regius
596 4133 686 4195 puer,
708 4113 758 4174 vel
780 4133 817 4174 er
837 4112 1003 4185 tabulario,
1026 4113 1067 4174 ad
1083 4131 1154 4174 eum
1170 4111 1302 4194 gradum

152 4197 335 4271 ascenderit,
357 4201 419 4265 300
442 4198 551 4262 solidis
575 4197 730 4260 multetur.

688 4318 764 4380 LVI.

443 4422 496 4483 De
518 4421 759 4503 corporibus
783 4418 1008 4500 expoliatis.

257 4523 285 4586 1.
308 4521 339 4582 Si
356 4521 425 4604 quis
441 4530 547 4585 autem
561 4522 721 4587 hominem
738 4529 906 4597 mortuum,
929 4522 1110 4604 *antequam
1127 4520 1306 4600 sepeliatur,
1317 4527 1357 4580 ἰν·
1372 4520 1425 4569 24⁰·
