3110 5232
293 457 329 513 3,
724 430 1008 490 nnxnrnuxnn.

755 629 777 682 u
795 625 899 682 cour.
918 607 958 681 Α.

293 763 463 844 titionem
482 750 679 850 culpabilis
698 748 898 842 iudicetur,
918 757 955 820 et
969 746 1126 844 insuper
1140 746 1185 817 ad
1199 754 1349 841 partem
1365 766 1454 816 can·

294 857 436 942 cellarii
461 857 510 930 45
530 852 674 928 solidos
700 848 900 948 culpabilis
934 846 1122 920 iudicetur
1155 845 1210 940 [et
1241 843 1451 940 unicuique

294 971 339 1042 de
371 956 531 1036 testibus
566 956 612 1028 15
640 951 781 1026 solidos
808 948 1008 1047 culpabilis
1036 945 1260 1041 iudicetur],
1301 955 1340 1018 et
1367 944 1452 1042 ipse

293 1066 540 1143 testamentus
560 1052 765 1126 inviolatus
784 1060 1014 1149 perseveret.
1047 1047 1086 1123 Si
1103 1057 1230 1120 autern
1244 1055 1452 1119 testamen·

293 1181 353 1244 tus
373 1161 532 1234 falsatus
552 1153 679 1248 fuerit,
698 1164 788 1226 tunc
807 1150 875 1246 illi,
895 1150 958 1248 qui
979 1173 1133 1222 causam
1152 1145 1336 1244 sequitur,
1354 1170 1450 1242 rem,

294 1264 391 1367 quod
419 1254 568 1354 repetit,
597 1278 684 1327 cum
703 1257 752 1328 60
770 1251 914 1325 solidos
933 1250 1105 1349 recipiat,
1132 1258 1171 1322 et
1187 1247 1344 1344 insuper
1363 1270 1453 1320 can-

295 1360 445 1443 cellario
482 1355 586 1455 polix
626 1356 756 1428 dexter
794 1354 1008 1447 auferatur,
1054 1362 1119 1426 aut
1158 1373 1245 1423 euru
1285 1347 1368 1445 quis
1412 1347 1452 1420 in

293 1473 342 1547 50
359 1461 498 1538 solidos
517 1455 690 1552 redimat,
715 1465 753 1530 et
773 1453 1033 1552 unusquisque
1052 1454 1104 1525 de·
1117 1450 1274 1525 testibus
1296 1450 1342 1523 15
1361 1448 1452 1522 soli-

294 1572 361 1643 dos
381 1559 572 1635 multetur.

393 1667 427 1736 4.
462 1658 570 1747 Quod
588 1656 619 1728 si
639 1655 708 1751 illi,
727 1655 792 1754 qui
813 1679 965 1728 causam
984 1652 1167 1752 sequitur,
1186 1675 1342 1724 manum
1363 1671 1452 1724 can-

293 1761 437 1844 cellarii
457 1762 503 1832 de
520 1755 654 1830 altario
671 1755 840 1850 traxerit,
861 1767 926 1828 aut
944 1766 1031 1828 ante
1050 1752 1192 1828 ostium
1210 1751 1358 1826 basilici
1373 1776 1452 1825 rna·

292 1862 404 1944 num*
422 1851 605 1960 posuerit,
629 1867 718 1930 tunc
736 1858 847 1929 ambo
867 1855 1190 1954 constringantur,
1216 1863 1258 1926 ut
1275 1877 1317 1926 se
1337 1876 1451 1950 super

297 1973 341 2046 14
358 1960 481 2038 noctis
499 1983 566 2032 seu
586 1982 700 2056 super
714 1960 763 2032 40
777 1969 862 2030 ante
877 1981 969 2056 rege
984 1965 1268 2053 repraesentare
1284 1953 1453 2029 studiant

292 2061 505 2170 pugnatori.

391 2162 415 2244 *t
439 2164 562 2240 spatam
584 2168 617 2230 t;
637 2175 765 2218 manum
788 2174 844 2218 seu
866 2161 991 2237 spatam
1014 2167 1040 2221 9.

394 2267 430 2340 5.
470 2263 508 2337 Si
529 2273 656 2335 autem
681 2260 929 2334 cancellarius
956 2270 1126 2334 mortuus
1146 2258 1272 2355 fuerit,
1298 2269 1389 2333 tunc
1415 2255 1452 2330 ei

293 2365 452 2468 {liceat}
475 2363 538 2461 qui
559 2386 641 2436 rem
664 2360 911 2459 comparavit,
931 2385 1017 2434 cum
1039 2363 1061 2434 3
1088 2371 1223 2456 cartas,
1251 2361 1351 2458 quod
1376 2358 1454 2457 ipsi

295 2465 541 2544 cancellarius
573 2462 744 2560 scripsit,
777 2464 917 2561 absque
954 2487 1124 2561 pugnam
1163 2471 1305 2535 cartam
1343 2485 1454 2534 suam

293 2593 407 2669 super
426 2565 561 2638 altario
580 2564 707 2662 posita
726 2563 910 2637 etuniare.

395 2671 431 2742 6.
459 2665 566 2753 Quod
583 2664 615 2738 si
629 2663 807 2737 vindetur
821 2664 881 2738 vel
894 2663 1044 2738 heredis
1057 2688 1147 2738 suae
1160 2661 1455 2761 supervixerint,

295 2771 369 2869 ipsi
388 2777 657 2842 testamentum
674 2765 789 2838 virire
808 2765 958 2860 debent,
977 2776 1043 2839 aut
1059 2765 1178 2838 multa
1197 2764 1398 2838 incurrere.

772 3011 917 3066 ucoun.
937 2993 978 3066 Β.

296 3139 397 3203 cetur,
430 3134 462 3190 et
493 3127 621 3208 insuper
651 3129 692 3189 ad
725 3135 847 3210 partem
877 3129 1054 3192 canceltarii
1079 3131 1120 3195 45
1149 3128 1259 3192 solidis
1288 3126 1456 3209 culpabilis

295 3215 459 3286 iudicetur,
481 3219 512 3272 et
534 3210 701 3293 unicuique
723 3212 763 3274 de
778 3213 909 3275 testibus
927 3217 965 3280 15
981 3212 1090 3275 solidis
1113 3212 1275 3293 culpabilis
1289 3211 1458 3287 iudicetur,

295 3307 327 3362 et
354 3299 455 3379 ipsum
485 3301 707 3357 testamentum
728 3296 914 3359 inviolatum
935 3305 1128 3378 perseveret.
1172 3297 1203 3358 Si
1225 3303 1329 3359 autem
1350 3304 1458 3358 testa-

294 3388 432 3444 mentum
454 3379 602 3441 falsatum
624 3379 728 3453 fuerit,
751 3386 824 3442 tunc
843 3381 906 3451 itte,
929 3382 981 3463 qui
999 3400 1126 3444 causam
1142 3380 1350 3461 prosequitur,
1373 3400 1456 3454 rem,

295 3484 390 3550 quam
404 3463 527 3545 repetit,
543 3482 612 3524 cum
625 3467 666 3530 60
682 3463 791 3526 solidis
805 3465 945 3545 recipiat,
960 3470 992 3526 et
1001 3465 1130 3546 insuper
1145 3465 1332 3527 cancellario
1347 3464 1457 3545 pollex

296 3551 407 3611 dexter
437 3548 608 3618 auferatur,
637 3555 692 3609 aut
719 3566 789 3609 eum
820 3568 891 3610 cunr
921 3553 961 3615 50
983 3548 1090 3610 solidis
1117 3549 1262 3622 redimat,
1293 3555 1325 3609 et
1349 3569 1457 3611 unus-

295 3635 426 3717 quisque
448 3632 488 3692 de
509 3631 640 3693 testibus
665 3634 702 3699 15
725 3631 834 3695 solidis
854 3634 1011 3696 multetur.

399 3718 430 3782 4.
471 3713 564 3788 Quod
586 3716 613 3776 si
634 3715 697 3788 ille,
726 3714 778 3797 qui
801 3735 927 3780 causam
951 3717 1101 3798 sequitur,
1124 3736 1251 3779 manum
1275 3715 1457 3779 canceltarii

296 3803 335 3863 de
361 3799 456 3862 altari
483 3798 624 3872 traxerit,
653 3807 707 3860 aut
736 3806 810 3862 ante
838 3801 953 3864 ostium
980 3799 1129 3864 basilicae
1155 3820 1283 3862 manum
1303 3800 1458 3881 posuerit,

294 3893 369 3946 tunc
383 3885 478 3946 ambo
494 3882 757 3964 constringantur,
779 3893 813 3946 ut
834 3904 870 3948 se
892 3903 987 3967 super
1006 3885 1257 3966 quattuordecim
1272 3891 1381 3946 noctes
1396 3903 1457 3947 seu

295 3988 392 4050 super
412 3971 453 4034 40
474 3973 548 4029 aute
570 3986 678 4049 regem
698 3977 941 4048 repraesentare
962 3970 1110 4032 studeant
1130 3969 1306 4050 pugnaturi.

400 4057 429 4118 5.
466 4050 499 4114 Si
527 4058 634 4114 autem
661 4051 865 4116 cancellarius
893 4060 1036 4115 mortuus
1062 4053 1166 4126 suerit,
1197 4061 1269 4114 tunc
1298 4052 1326 4113 ei
1352 4052 1456 4126 liceat,

295 4137 349 4218 qui
369 4156 437 4200 rem
452 4137 647 4216 conparavit,
670 4155 740 4197 cum
756 4139 776 4202 3
792 4137 899 4211 certis,
921 4157 1000 4218 quas
1014 4139 1084 4218 ipse
1099 4136 1302 4199 cancellarius
1319 4136 1455 4218 scripsit,

296 4224 416 4303 absque
437 4242 479 4302 pu
503 4239 542 4281 na
565 4227 683 4282 cartam
706 4239 796 4283 suam
818 4240 914 4303 super
936 4221 1050 4283 altario
1073 4221 1208 4302 positam
1229 4221 1385 4283 idoniare.

399 4309 429 4371 6.
474 4241 567 4377 (duod
596 4304 622 4366 si
650 4305 795 4365 venditor
824 4306 873 4366 vet
894 4305 1031 4368 heredes
1054 4306 1101 4368 sui
1124 4305 1365 4386 supervixerint,
1394 4303 1456 4386 ipsi

295 4393 516 4450 testamentum
540 4387 711 4450 defendere
733 4389 857 4462 debent,
880 4396 934 4452 aut
956 4391 1087 4452 multam
1107 4389 1278 4452 incurrere.
