3090 5258
310 465 346 520 36
631 464 779 524 INDICES
800 465 907 524 Leuis
926 466 1139 524 RIBUARIAE.

329 639 398 694 Edit.
566 639 629 695 Cod.
649 639 706 697 43.
1158 639 1215 696 44.

344 731 415 794 40·ιι
910 734 960 798 44.
984 734 1030 795 De
1062 733 1184 795 nabebo
1219 735 1305 788 extra
1341 719 1445 782 domini

983 817 1029 880 sui
1053 815 1214 880 consilium
1238 824 1402 874 ascensum.

343 897 393 961 4¹·
438 898 488 962 44.
511 897 557 956 De
586 896 784 978 ligaminibus
814 899 868 961 in·
910 902 960 966 45.
986 902 1030 961 De
1069 897 1269 983 ligationibus
1306 892 1447 973 ingenuu-
1519 881 1521 974 4

511 999 697 1062 geiluol'um.
985 1005 1063 1046 rum·
1520 974 1522 1046 4

342 1065 393 1128 42·
437 1064 488 1128 ⁴42·
510 1064 556 1126 De
580 1065 806 1128 venationibus.
911 1070 961 1133 46.
985 1071 1031 1129 De
1053 1064 1283 1130 venationibus,
1520 1099 1522 1166 4

1521 1210 1523 1243 4

342 1234 393 1379 44.
410 1163 420 1398 4
438 1232 488 1297 43.
511 1231 557 1292 De
580 1231 716 1314 sepibus.
883 1157 961 1298 447.
985 1235 1031 1296 De
1053 1235 1191 1316 sepibus.

341 1401 392 1464 46.
436 1402 487 1465 44.
510 1400 557 1460 De
575 1399 824 1480 quatrupedibus
842 1400 867 1461 si
912 1402 961 1466 48.
985 1403 1031 1463 De
1060 1397 1315 1483 quadrupedibus
1344 1389 1368 1453 si
1396 1387 1449 1447 be·
1521 1393 1523 1420 ³

511 1483 638 1562 hpmine
660 1481 793 1545 oceidit.
987 1486 1102 1547 minem
1122 1481 1298 1549 occiserint.

344 1570 394 1634 47.
438 1569 489 1634 45.
512 1567 867 1650 Devesiiginminandn.
912 1570 962 1637 49.
986 1571 1030 1631 De
1052 1570 1185 1654 vestigio
1208 1560 1370 1626 manando.

344 1654 394 1718 48.
438 1654 488 1718 46.
513 1655 558 1714 De
580 1649 717 1714 hominis
733 1651 785 1732 qui
801 1650 892 1762 54554

509 1735 680 1797 heredibus
703 1735 845 1797 moritur.
885 1739 961 1804 »50.
984 1736 1030 1797 De
1050 1735 1257 1800 adfratimire.

344 1823 394 1886 49.
438 1823 488 1885 47.
512 1820 559 1879 De
581 1818 748 1900 agi-amira.

343 1908 393 1970 50.
438 1904 488 1969 48.
511 1902 557 1962 De
597 1901 727 1964 testibus
769 1902 866 1963 adhi-
910 1907 960 1970 51.
984 1903 1029 1964 De
1052 1905 1185 1968 testibus
1209 1890 1399 1964 adhibendis.

509 1985 629 2048 bandis.

341 2074 390 2137 51.
434 2073 484 2136 49.
508 2071 553 2129 De
566 2087 604 2129 eo
620 2068 673 2149 qui
689 2067 865 2148 grafionem
909 2073 958 2136 52.
982 2072 1029 2132 De
1059 2091 1098 2133 en
1128 2071 1180 2154 qni
1214 2065 1385 2153 grafionem
1407 2051 1449 2153 ‘ad

508 2155 549 2214 ad
577 2170 629 2213 res
664 2151 781 2215 alienas
811 2152 865 2213 in·
982 2174 1032 2217 res
1070 2155 1189 2218 alienas
1223 2148 1376 2216 tollendas
1405 2156 1450 2200 in-

508 2237 601 2298 54551.
981 2238 1069 2301 vitat.

340 2326 391 2388 52.
437 2325 486 2386 50.
510 2322 556 2382 Da
579 2337 645 2380 rem
669 2325 822 2399 presiate.
907 2325 957 2388 53.
983 2323 1027 2383 De
1050 2342 1116 2384 rem
1140 2323 1315 2402 prestitam.

339 2410 389 2473 53.
434 2409 483 2471 51.
508 2406 553 2465 De
569 2423 607 2465 5ο
624 2403 676 2483 qui
688 2403 864 2485 grafionem
908 2409 957 2471 54.
982 2407 1027 2480 De
1049 2425 1087 2467 eu
1104 2407 1155 2488 qui
1171 2405 1348 2490 grafionem
1362 2393 1451 2454 inter-

508 2487 724 2550 interfiaeriti.
981 2489 1065 2552 fecii.

1012 2593 1455 2624 ,mm-„s

819 2647 902 2701 Codd.
920 2646 951 2701 B.

340 2741 391 2804 42.
414 2738 459 2796 De
481 2735 605 2797 caballo
628 2743 717 2796 extra
740 2735 902 2797 consilium
925 2737 1043 2798 demini
1066 2738 1112 2798 sui
1136 2755 1281 2800 ascenso.

338 2823 390 2888 43,
414 2821 460 2880 De
481 2818 679 2899 ligaminibus
701 2818 919 2898 ingenuorum.

341 2906 391 2969 44.
414 2904 459 2964 De
482 2902 709 2964 venationibus.

340 2990 390 3053 45.
414 2989 460 3047 De
483 2985 641 3067 saepibus.

339 3074 390 3136 46.
414 3072 459 3131 De
480 3069 529 3131 his
553 3069 658 3150 quiin
681 3087 785 3130 messe
809 3069 1003 3131 alienarum
1027 3089 1119 3133 uarro
1142 3069 1315 3134 transierit.
1430 3138 1436 3152 ⁸

340 3159 391 3222 47.
414 3155 460 3215 De
489 3154 538 3215 his
569 3153 621 3234 qui
650 3153 965 3215 nescientehumine
992 3153 1130 3236 aliquam
1162 3155 1310 3218 furtivam
1340 3162 1403 3209 rem
1428 3157 1454 3198 ¹1¹

415 3240 511 3299 dume
533 3237 753 3299 introduxerit.

343 3324 393 3388 48.
417 3325 463 3384 95
486 3321 741 3402 quadrupedibus
764 3321 789 3383 si
812 3321 971 3383 hominem
996 3320 1176 3383 occiderint.

343 3411 393 3473 49.
416 3408 462 3467 De
484 3406 615 3486 vestigio
637 3404 796 3466 minando.

208 3521 232 3560 ι».
250 3505 302 3554 20¹1.
345 3493 395 3556 50.
418 3493 464 3551 De
485 3488 614 3550 hunnine
637 3488 689 3567 qui
712 3489 779 3550 sine
800 3488 970 3551 heredibus
992 3488 1137 3550 moritur.

345 3577 395 3639 51.
408 3575 465 3643 Δ115
488 3571 675 3634 adfatimire.

343 3661 394 3723 52.
416 3660 462 3718 De
485 3655 615 3717 testibus
638 3653 838 3716 adhibendis.

344 3745 394 3809 53.
417 3743 463 3801 Da
486 3759 523 3801 eo
547 3738 599 3820 qui
621 3737 794 3819 grafionem
818 3738 857 3800 ad
882 3756 931 3799 res
954 3737 1072 3800 alienas
1094 3739 1214 3802 invitat.

343 3829 393 3893 54.
417 3827 462 3887 De
485 3843 520 3884 re
544 3829 713 3903 praestata.

343 3915 393 3977 55.
416 3911 462 3971 De
485 3927 524 3970 eo
547 3907 598 3988 qui
622 3906 797 3986 grafiouem
819 3903 1010 3967 interficerit.

310 4130 335 4201 a)
356 4128 509 4185 14155540.
530 4130 653 4182 editionis
671 4131 780 4181 nostrae
803 4129 830 4178 in
849 4125 936 4179 indice
956 4127 1055 4180 codicia
1073 4125 1128 4180 43
1154 4127 1329 4194 desideratur,
1355 4126 1383 4176 in
1401 4129 1462 4172 cou-

311 4208 386 4259 15515
404 4201 546 4255 55551555
565 4201 685 4254 rubrica:
709 4200 743 4252 de
769 4197 872 4251 cabalio
896 4199 1078 4253 ascendendo.
1160 4197 1186 4266 b}
1205 4201 1324 4270 reliquae
1344 4193 1461 4249 miricae

310 4281 340 4330 in
357 4278 445 4329 indice
464 4277 564 4328 audine
576 4273 625 4325 43
641 4275 747 4338 durnah
766 4276 905 4342 sequentes
918 4273 1039 4326 rudricus
1053 4287 1088 4326 aa
1102 4277 1227 4327 contextu
1241 4274 1340 4327 codicia
1352 4264 1401 4323 43
1415 4263 1462 4317 de-

310 4352 434 4418 prompsi,
455 4351 500 4416 554
518 4350 611 4415 cuique
629 4347 851 4400 515155555554
870 4348 896 4398 ei
907 4346 1040 4398 rubricam
1049 4343 1186 4414 praemi&
1204 4359 1335 4407 numeros,
1350 4338 1463 4403 aumb-

311 4427 370 4476 tora
383 4423 482 4475 codicis
501 4423 607 4488 saepius
625 4433 719 4472 errore
738 4416 872 4486 confusos,
892 4422 977 4473 omisi.
