3090 5258
748 447 825 505 LEX
843 446 1030 505 urrunnu.

788 644 930 700 rcuur.
951 626 990 699 Α.

839 764 944 838 XVil.

412 894 443 961 1.
472 886 513 960 Si
533 886 618 985 quis
637 884 832 958 hominem
851 896 1090 983 pernoctem
1114 885 1279 959 latenter
1297 885 1456 959 incende·

305 990 366 1086 rit,
396 991 471 1063 600
493 988 635 1063 solidos
655 985 855 1084 culpabilis
876 986 1081 1082 iudicetur,
1099 997 1139 1061 et
1157 985 1314 1085 insuper
1331 988 1454 1060 damno

305 1103 344 1166 et
362 1091 524 1166 dilutura
541 1088 729 1164 restituat.
761 1088 836 1162 Aut
850 1087 883 1162 si
897 1088 1109 1188 negaverit,
1130 1113 1218 1162 curn
1239 1092 1287 1166 72
1307 1087 1403 1162 iurit.

406 1213 440 1285 2.
478 1209 517 1285 Si
551 1233 685 1284 servus
719 1209 794 1282 hoc
820 1208 973 1303 fecerit,
1014 1209 1064 1283 36
1091 1208 1237 1283 solidos
1271 1207 1455 1306 culpabilis

305 1313 506 1407 iudicetur,
535 1323 574 1385 et
592 1310 748 1410 insuper
766 1311 904 1384 dumne
931 1320 970 1383 et
988 1308 1150 1383 dilutura
1167 1308 1356 1384 restituat.
1391 1311 1454 1380 Aut

305 1414 338 1490 si
357 1412 568 1516 negaverit,
588 1411 764 1487 dominus
784 1410 866 1485 eius
887 1435 973 1484 curn
993 1415 1016 1485 6
1035 1410 1135 1485 iurit.

825 1567 948 1641 xvffl.

410 1698 442 1765 1.
478 1689 586 1780 Quod
613 1688 646 1763 si
675 1687 862 1787 ingenuus
898 1686 1062 1783 sonesti,
1106 1687 1143 1760 id
1170 1699 1231 1762 est
1269 1689 1314 1764 12
1350 1709 1452 1784 equas

305 1815 392 1866 curn
418 1788 648 1885 amassem,
677 1801 742 1862 aut
760 1791 954 1862 uscruvas
980 1813 1068 1862 eum
1088 1813 1212 1886 verre,
1241 1788 1301 1862 vel
1325 1791 1453 1865 strae·

306 1915 369 1967 cus
398 1916 484 1965 cum
511 1902 620 1965 tauro
646 1888 850 1984 furaverit,
879 1889 1116 1965 600s01id0s
1145 1889 1346 1990 culpabilis
1372 1888 1453 1963 iudi·

305 2003 432 2088 cetur,
458 2003 497 2065 et
515 1992 670 2087 insuper
689 1990 850 2087 capitale
879 2000 916 2063 et
944 1989 1106 2066 dilutura
1133 1993 1321 2068 restituat.
1357 1991 1450 2080 Quod

305 2093 337 2168 si
357 2093 467 2165 multi
495 2091 649 2190 ingenui
674 2090 835 2187 fuerint,
861 2090 962 2166 sieut
987 2091 1025 2164 in
1052 2119 1164 2168 omne
1186 2104 1359 2168 teneam
1378 2117 1453 2166 con·

304 2193 521 2287 stituemus⁷
536 2191 795 2291 unusquisque
810 2193 1038 2269 uuusolidos
1053 2195 1255 2294 culpabilis
1268 2195 1451 2286 iudicetur,

305 2306 344 2370 et
366 2294 524 2393 insuper
545 2293 709 2393 capitale
723 2305 761 2367 et
775 2293 975 2368 dilaturam
990 2295 1178 2370 restituet.
1210 2299 1288 2371 Aut
1306 2297 1337 2371 si
1351 2317 1451 2394 nega·

305 2395 422 2490 verit,
442 2395 583 2495 singuli
604 2419 690 2468 curn
709 2397 757 2471 72
776 2395 877 2470 iurit.

203 2543 226 2588 r·
243 2526 294 2577 2¹⁰·
406 2516 441 2588 2.
471 2515 578 2603 Quod
595 2516 627 2590 si
643 2539 774 2591 servus
789 2516 863 2589 hoe
876 2516 1023 2613 iecerit,
1043 2519 1091 2592 36
1106 2517 1251 2592 solidos
1268 2514 1451 2616 culpabilis

313 2664 420 2671 -m-
718 2665 1048 2674 --—-—-——----—--.-..
1060 2668 1131 2673 .-...
1138 2668 1367 2675 ...v.-.....—...-—--
1382 2667 1390 2672 -
1412 2666 1415 2669 -
1424 2663 1453 2668 -··

783 2752 926 2809 neuun.
946 2735 989 2808 B.

838 2870 934 2933 xvu.

751 2973 803 3033 De
824 2973 1026 3036 incendio.

412 3076 439 3138 1.
469 3071 500 3134 Si
530 3071 599 3153 quis
628 3072 789 3134 hominem
811 3095 869 3155 per
890 3084 1013 3140 noctem
1036 3077 1172 3138 latenter
1191 3077 1379 3150 incenderit,
1399 3074 1452 3140 600

304 3156 413 3221 solidis
430 3156 592 3238 culpabilis
608 3156 772 3232 iudicetur,
787 3168 819 3221 et
832 3160 960 3242 insuper
976 3161 1125 3222 damnum
1139 3171 1170 3224 et
1185 3163 1352 3226 diluturum
1367 3156 1453 3222 resti·
1531 3209 1533 3216 ,

305 3248 381 3306 tunt.
425 3244 487 3302 Aut
508 3240 536 3304 si
558 3242 729 3324 negaverit.
752 3264 821 3306 eum
844 3249 885 3310 72
906 3246 997 3307 iuret.

409 3347 438 3409 2.
462 3343 493 3405 Si
516 3363 626 3408 servus
648 3345 711 3408 hue
732 3347 856 3421 feeerit,
879 3350 921 3414 66
939 3348 1049 3410 solid-is
1068 3348 1231 3430 erripubilis
1251 3351 1409 3419 iudicetur,
1427 3349 1453 3405 ut

303 3428 433 3509 insuper
446 3429 594 3491 damnum
608 3437 640 3490 et
653 3431 822 3494 diluturum
838 3432 991 3496 restituat.
1015 3434 1077 3494 Aut
1091 3433 1117 3495 si
1130 3437 1302 3516 negaverit,
1318 3431 1451 3496 dominus

304 3513 369 3576 eius
396 3531 466 3574 cum
489 3515 509 3579 6
532 3513 623 3575 iuret.
830 3599 940 3661 XVHL

771 3703 822 3764 De
844 3703 1000 3765 sonesti.

411 3804 438 3868 1.
462 3801 555 3876 Quod
579 3802 604 3866 si
626 3802 777 3885 ingenuus
800 3804 929 3878 sonesti,
951 3805 982 3866 id
1007 3811 1055 3867 est
1079 3809 1117 3871 12
1140 3826 1237 3888 equus
1261 3829 1329 3870 curn
1353 3821 1452 3868 umus-

303 3887 400 3957 seriu,
422 3893 477 3948 aut
499 3890 518 3952 6
541 3904 670 3950 scruves
687 3910 756 3951 cum
772 3907 874 3961 verre,
896 3889 946 3951 rel
963 3892 1003 3955 12
1017 3908 1130 3952 vuceus
1146 3910 1216 3953 curn
1233 3901 1323 3955 tauro
1343 3891 1450 3952 furatus

303 3970 413 4043 fuerit,
440 3973 503 4038 660
526 3972 635 4034 solidis
657 3972 820 4055 culpabilis
847 3973 1017 4060 iudicetur,
1051 3981 1083 4036 et
1113 3974 1243 4057 iusuper
1272 3975 1401 4059 capitale
1426 3976 1451 4028 et

303 4054 472 4119 diluturum
495 4057 649 4120 restituet.
683 4057 777 4132 Quod
793 4058 819 4119 si
836 4058 922 4121 inulti
937 4058 1062 4139 ingenui
1079 4058 1202 4132 fuerint,
1225 4063 1305 4125 sient
1325 4064 1355 4124 in
1377 4050 1451 4119 omui

303 4139 389 4202 furto
412 4141 638 4214 constituimus,
661 4142 876 4224 unusquisque
899 4145 961 4209 600
983 4142 1092 4206 solidis
1115 4144 1278 4225 culpabilis
1301 4144 1452 4208 iudicetur,

304 4231 335 4284 et
356 4225 486 4306 insuper
507 4227 642 4306 capitale
665 4234 697 4288 et
721 4228 889 4288 dilaturam
919 4227 1095 4291 restituunt.
1138 4235 1199 4291 Aut
1220 4231 1247 4292 si
1270 4224 1450 4314 negaverint,

302 4308 414 4392 singuli
437 4329 506 4371 curn
530 4313 570 4375 72
592 4312 705 4375 iurent.

202 4439 224 4481 r·
240 4419 292 4468 219.
412 4415 441 4478 2.
465 4411 557 4485 Quod
581 4414 606 4476 si
630 4433 739 4475 servus
761 4414 822 4476 hou
844 4414 967 4487 feeerit,
997 4416 1038 4481 36
1060 4414 1168 4478 solidis
1192 4417 1353 4500 culpabilis
1374 4409 1451 4474 iudi-
