3090 5258
248 421 283 476 1t
373 485 376 490 ⁸
663 421 740 480 LEX
757 421 942 480 RlBUARlA.

333 594 476 660 Titutum
504 593 544 658 36
581 592 636 681 (dc
665 594 799 659 diversis
828 593 1117 680 interfectionibus)
1151 607 1218 660 non
1247 603 1363 682 postea

249 679 400 744 additum
422 679 476 762 (id
499 678 584 763 quod
606 677 680 743 olim
701 678 783 743 mibi
804 679 1004 761 videbatur),
1027 681 1083 744 sed
1105 679 1145 743 ab
1169 689 1300 746 auctore
1314 703 1364 745 se-

248 763 375 828 cundae
394 764 504 848 partis
525 785 595 825 aaa
610 771 790 845 camparte
805 763 950 828 secunda
964 765 1183 849 conscriptam
1197 785 1273 845 esse,
1295 765 1364 829 iam

247 868 354 932 supra
375 851 420 930 (b-
443 846 481 926 4)
497 846 642 931 probare
665 855 801 910 conatus
823 869 904 910 sum.

338 929 441 996 Verba
455 927 490 992 id
504 938 552 993 est
566 930 587 993 4
601 927 740 992 dinarios
762 931 799 994 in
821 927 913 994 titubo
934 930 984 994 23.
1007 931 1150 1016 pennino
1165 932 1269 996 teatai
1282 929 1364 1017 lepis

247 1013 431 1079 Ribuariae
453 1015 578 1095 desunt,
602 1036 624 1077 a
645 1011 753 1077 littera
775 1013 913 1099 culpata
929 1023 1046 1098 postea
1068 1015 1195 1080 addita.

425 1269 488 1334 DE
511 1164 913 1335 OODIOIBIOJbPLIbJTGdb·
929 1267 1185 1336 RIBUARIAE.

644 1432 646 1436 ,
762 1375 845 1456 §.s

612 1473 783 1541 Classes
805 1477 1000 1542 codicum.

260 1627 261 1630 η
330 1579 372 1643 In
394 1577 584 1641 universum
605 1579 635 1641 si
656 1585 848 1663 spectamus,
871 1599 979 1642 omnes
1000 1578 1125 1643 codices
1145 1581 1365 1666 manuscripti

246 1662 327 1748 lepis
348 1661 540 1741 Ribuariae,
571 1660 643 1725 ticet
670 1661 786 1725 mattae
813 1660 1017 1746 dfferentiae
1045 1663 1082 1726 in
1103 1663 1245 1728 rubricis
1268 1673 1364 1748 atque

246 1748 283 1810 in
298 1767 432 1810 numero
447 1745 613 1808 titulorum
636 1746 861 1826 inveniantur,
883 1745 1019 1809 eundem
1039 1754 1145 1810 tamen
1160 1755 1281 1810 temtum
1295 1755 1363 1810 tra-

247 1829 341 1894 dant.
387 1827 543 1902 Quamvis
565 1829 650 1892 enim
672 1834 725 1910 (ut
746 1826 927 1914 coemptum
949 1827 1101 1913 afferam)
1123 1828 1175 1894 leae
1196 1830 1365 1894 Ribuaria

246 1915 285 1976 in
306 1911 415 1977 codice
436 1911 502 1974 Ab
524 1913 699 1997 senapinta
714 1919 789 1992 tres,
810 1917 847 1975 in
863 1912 972 1977 codice
994 1912 1060 1975 A3
1083 1915 1275 1998 octuapinta
1296 1934 1362 1995 sest,

247 1997 286 2060 in
300 1995 409 2060 codice
431 1996 497 2059 A4
519 1998 704 2081 nonapinta
725 2017 836 2078 anam,
857 1997 894 2060 in
910 1995 1018 2060 codice
1032 1995 1064 2059 A
1079 1998 1098 2060 6
1121 2005 1246 2061 centnm
1268 2005 1297 2061 et
1313 1997 1361 2060 oi·

247 2079 336 2164 piati
350 2087 491 2164 quatuor
504 2078 655 2142 rubricas
671 2079 798 2160 babeat,
821 2100 927 2143 omnes
949 2089 1056 2143 tamea
1078 2079 1130 2144 illi
1144 2080 1270 2145 codices
1285 2103 1362 2144 eun-

249 2163 319 2227 dem
356 2171 477 2226 tectam
515 2171 609 2247 atque
642 2163 777 2226 eandem
815 2185 878 2246 qao
900 2185 940 2226 ae
973 2163 1118 2227 ordinem
1150 2165 1364 2228 materiarum

249 2246 376 2312 babent.
422 2243 492 2319 Quo
507 2246 560 2329 fit,
584 2252 619 2308 at
639 2268 679 2308 en
702 2247 865 2310 codicibus
881 2186 968 2332 dapis
989 2246 1176 2311 Ribuariae
1198 2247 1283 2312 nibil
1305 2255 1364 2310 aat

238 2329 315 2414 fere
338 2329 423 2394 nibil
453 2331 493 2393 de
526 2331 666 2394 bistoria
697 2328 779 2414 lepis
812 2330 998 2394 Ribuariae
1031 2329 1205 2395 discamus.
1253 2331 1364 2416 Lonpe

184 2499 185 2502 Ἴ
248 2412 346 2561 ἴϋξεν
366 2415 472 2499 ipitar
492 2413 530 2476 in
551 2413 619 2499 lepe
640 2413 809 2477 Ribuaria
830 2423 925 2499 atque
947 2415 984 2478 in
1005 2412 1073 2499 depe
1088 2412 1204 2478 Sabica
1224 2435 1277 2477 res
1298 2435 1364 2478 sese

272 2521 293 2560 a
314 2506 352 2561 et.
777 2529 781 2536 ·

332 2580 387 2644 Ad
409 2579 545 2665 sinqaba
566 2582 596 2644 si
618 2581 763 2645 animum
785 2581 994 2662 advertimus,
1016 2579 1134 2644 multae
1149 2577 1364 2664 differentiae,

244 2663 437 2750 pierumque
465 2668 502 2728 in
531 2663 634 2728 verbis
663 2663 741 2728 solis
770 2673 864 2750 atque
887 2665 1043 2744 oratione,
1071 2665 1235 2729 interdum
1263 2665 1301 2727 in
1328 2685 1364 2726 re

248 2749 328 2833 ipsa
345 2749 382 2812 iu
398 2747 565 2811 codicibus
580 2755 763 2827 occurrunt,
786 2770 926 2831 quaram
939 2748 1026 2811 ratio
1041 2747 1194 2812 babenda
1209 2756 1264 2810 est.
1300 2747 1364 2810 Im-

244 2831 370 2914 primis
385 2832 472 2894 daae
487 2830 606 2894 classes
625 2831 772 2894 codicum
786 2833 1086 2916 manuscriptorum
1109 2830 1363 2916 distinpuenalae

249 2923 335 2996 sunt,
359 2937 442 2999 qaas
463 2917 501 2978 in
522 2914 662 2978 editione
683 2914 801 2978 litteris
822 2917 852 2976 A
875 2924 903 2978 et
924 2915 956 2978 B
979 2917 1123 3000 sipaaoi.

700 3016 861 3081 Classis
884 3017 915 3077 A

250 3100 467 3184 antiquiorem
482 3099 631 3184 formam
645 3098 727 3184 lepis
741 3099 926 3164 Ribaariae
941 3098 1076 3180 eabibet,
1098 3101 1164 3164 siae
1179 3121 1365 3180 sermonem,

250 3183 317 3246 sive
338 3190 478 3246 tenorem
499 3183 579 3268 lepis
600 3184 708 3268 ipsius
730 3192 922 3266 spectamus.
964 3182 1042 3246 Non
1057 3184 1160 3247 solum
1174 3183 1294 3247 multae
1309 3204 1363 3246 oo·

249 3287 300 3330 ces
319 3265 481 3331 barbarae
504 3275 691 3346 occurrunt,
713 3266 797 3329 velat
818 3275 946 3350 texaga,
967 3267 1090 3348 wedre,
1112 3266 1287 3348 admsnire,
1308 3266 1365 3330 sed

248 3348 389 3414 Latinas
405 3373 528 3436 qaoque
542 3372 644 3415 sermo
668 3358 842 3433 corruptas
865 3359 961 3435 atque
983 3349 1146 3414 barbarae
1169 3351 1269 3414 aetati
1289 3372 1366 3413 con·

248 3455 371 3518 pruens
400 3445 455 3500 cst.
498 3434 719 3497 Inveniuntur
741 3443 917 3519 praeterea
945 3435 982 3496 in
1009 3434 1174 3498 codicibus
1196 3431 1311 3497 classis
1333 3433 1366 3496 A

248 3517 377 3581 numeri
406 3517 607 3581 distributim
636 3516 800 3599 duplicati
829 3527 887 3580 aut
913 3515 1083 3600 triplicati,
1110 3517 1228 3600 quibus
1250 3524 1366 3579 auctor

142 3633 179 3683 a,
189 3631 239 3674 194,
249 3599 411 3663 secundae
421 3603 533 3685 partis
548 3599 629 3685 lepis
643 3601 828 3665 Ribaam'ae
843 3601 940 3664 usus*
955 3609 1035 3680 erat,
1055 3622 1135 3685 quos
1149 3610 1254 3664 tamen
1273 3608 1365 3682 aetas

244 3685 411 3768 posterior
431 3687 557 3766 respuit
579 3683 658 3766 (cfr.
678 3706 782 3766 supra
801 3691 831 3762 b·
847 3685 894 3764 3).
938 3683 1083 3747 Numero
1106 3693 1200 3768 atque
1221 3682 1366 3746 rubricis

248 3767 417 3831 titulorum
439 3768 564 3832 codices
585 3767 701 3830 classis
716 3767 747 3830 A
768 3766 863 3830 valde
884 3769 971 3830 inter
992 3790 1024 3830 se
1043 3765 1209 3850 differam.
1255 3765 1365 3831 Codem

248 3851 312 3914 Al
343 3871 445 3936 neque
473 3851 614 3915 indicem
643 3873 745 3936 neque
771 3851 923 3914 rubricas
952 3873 1055 3935 neque
1074 3849 1174 3913 ullam
1197 3847 1365 3913 titulorum

249 3945 308 3998 aat
336 3937 481 4020 capitum
510 3936 703 3998 diuisionem
732 3935 834 4013 babet,
865 3935 942 3998 solis
971 3933 1149 3998 maioribus
1176 3932 1365 3997 initialibus

247 4018 363 4083 titteris
378 4019 530 4105 simpatas
547 4019 575 4083 ie
599 4040 632 4082 es
647 4019 863 4103 distinpuens.
905 4017 1028 4082 Eodem
1041 4019 1134 4081 modo
1150 4016 1251 4080 codem
1265 4015 1297 4079 A
1312 4016 1364 4096 11,

249 4104 307 4189 qui
325 4102 554 4189 frapmcntam
576 4042 665 4186 {epis
686 4103 870 4167 Ribaariae
898 4101 1032 4178 cccbibet,
1063 4109 1234 4183 conceptus
1252 4097 1365 4182 fuisse

247 4186 386 4251 uidetur.
429 4186 563 4271 Reliqui
576 4186 747 4251 codicesA
768 4187 908 4250 indicem
929 4185 1137 4248 rubricarum
1158 4184 1262 4246 teatai
1282 4181 1365 4267 lepis

238 4272 469 4354 praemittant,
497 4273 534 4334 in
555 4268 583 4334 le
608 4293 623 4332 e
645 4272 721 4354 ipsa
739 4269 931 4353 pleramque
953 4291 1020 4331 non
1041 4267 1193 4346 rubricis,
1225 4265 1282 4329 scd
1302 4288 1365 4329 na·

247 4355 345 4420 meris
370 4362 497 4418 tantam
527 4355 564 4418 tit
602 4377 694 4418 orum
722 4355 878 4438 repetitis.
907 4352 1027 4416 Habet
1048 4360 1155 4414 autem
1176 4350 1276 4424 codem
1298 4347 1366 4413 A?
