3090 5258
714 478 792 534 LEX
810 477 996 535 RlBUAlllll.

757 671 780 725 n
798 671 900 727 cono.
918 656 958 728 Α.

276 818 365 892 pam
399 818 484 866 cum
518 817 584 866 sex
610 791 772 865 testibus
808 790 845 863 in
873 793 1016 867 haraho
1055 819 1129 867 non
1158 791 1441 893 adprobaverit,

278 899 327 970 30
346 894 489 968 solidos
511 893 710 991 culpabilis
730 891 926 966 iudicetur.
1005 955 1008 962 .

379 996 413 1068 2.
455 995 495 1070 si
532 992 616 1092 quis
657 1017 678 1066 a
715 994 959 1067 contubernio
1002 994 1249 1093 probabiliter
1284 996 1441 1094 legatus

278 1121 393 1194 super
420 1120 482 1170 res
511 1094 653 1168 alienas
681 1094 815 1187 fuerit,
851 1096 1009 1168 eumad
1045 1096 1327 1170 excusationem
1359 1121 1442 1168 non

278 1196 545 1296 permittimus.

380 1301 414 1373 3.
443 1295 517 1370 Sed
547 1295 580 1370 si
606 1320 703 1370 unus
730 1295 844 1368 homo
872 1319 957 1368 curn
972 1296 1199 1371 satellitibus
1214 1296 1293 1371 suis
1314 1296 1441 1370 homi-

277 1422 365 1471 nem
384 1397 583 1496 legaverit,
609 1407 674 1469 aut
700 1395 824 1494 ipsurn
846 1420 1048 1472 excussare
1065 1397 1341 1496 permittimus5
1371 1409 1442 1470 aut

277 1496 471 1597 proximus
496 1498 592 1593 eius,
614 1497 712 1594 quod
735 1496 914 1571 innocens
937 1497 1088 1597 legatus
1104 1499 1166 1590 sit,
1187 1523 1272 1572 cum
1287 1503 1309 1573 6
1325 1499 1440 1572 iuret.

807 1632 912 1706 XLll.

383 1759 414 1828 1.
442 1751 593 1850 Siquis
621 1754 667 1825 de
695 1751 854 1827 diversis
886 1753 1150 1828 venationibus
1184 1753 1366 1828 furaverit
1400 1767 1445 1828 et

280 1853 481 1947 celaverit,
499 1877 566 1926 seu
586 1863 623 1926 et
642 1853 688 1926 de
708 1853 1014 1951 piscationibus*‚
1043 1859 1087 1932 15
1107 1855 1250 1930 solidos
1271 1856 1446 1953 culpabi·

279 1954 328 2026 lis
354 1953 550 2027 iudicetur.
584 1954 681 2041 Quia
702 1978 776 2026 non
799 1955 861 2028 hic
884 1979 926 2028 re
948 1980 1138 2055 possessa7
1166 1958 1232 2032 sed
1256 1960 1302 2030 de
1324 1981 1445 2030 vena-

278 2054 445 2128 tionibus
464 2053 600 2152 agitur.

384 2171 408 2256 ⁹⁶)
432 2171 482 2232 vel
503 2169 632 2320 alicuius
655 2171 725 2233 loca
750 2171 956 2234 materiamen
979 2172 1029 2234 vel
1050 2173 1133 2256 ligna
1154 2173 1253 2236 finata
1273 2174 1446 2236 abstulerit

426 2268 501 2320 addit
541 2301 548 2316 .

381 2361 414 2433 2.
444 2357 485 2431 Si
506 2361 590 2456 quis
611 2383 765 2432 cervum
784 2361 966 2434 domitum
987 2362 1049 2434 vel
1065 2387 1151 2435 cum
1165 2361 1320 2436 triutes*
1339 2363 1446 2436 occi-

280 2459 397 2555 derit,
424 2470 488 2532 aut
504 2460 706 2556 furaverit,
735 2485 807 2532 non
827 2463 927 2536 sicut
951 2465 997 2536 de
1016 2463 1185 2561 reliquos
1212 2462 1445 2538 animalibus

280 2572 416 2657 texaga
435 2561 646 2658 exigantur,
666 2564 731 2636 sed
750 2573 898 2635 tantum
917 2567 965 2639 45
985 2564 1129 2638 solidos
1150 2564 1342 2637 multetur.

384 2677 409 2760 *)
433 2678 473 2738 ad
505 2677 672 2740 venatione
700 2677 841 2740 latienda
871 2681 919 2740 vel
949 2679 1062 2761 quibus
1091 2680 1155 2742 iarn
1185 2679 1348 2742 venaverit
1377 2679 1447 2762 (vel
1538 2751 1541 2754 ,

431 2778 501 2820 cum
524 2766 563 2822 tr.
579 2761 692 2845 omisca)
710 2765 747 2836 43
770 2761 820 2823 vel
836 2763 953 2826 triudes
970 2764 1009 2826 ad
1027 2764 1227 2826 venationem
1250 2763 1299 2824 vel
1322 2763 1444 2844 quibus

431 2843 616 2905 avenaverit
637 2848 667 2908 o.
690 2849 720 2908 7.

290 2976 543 2983 *κο-..ὴ

758 3057 782 3111 n
800 3055 902 3114 cono.
919 3041 962 3111 Β.

281 3190 351 3235 cum
374 3173 393 3234 6
415 3171 546 3233 testibus
568 3172 599 3233 in
623 3174 723 3236 arabo
752 3193 815 3237 non
842 3176 1083 3255 adprobaverit,
1114 3180 1155 3244 30
1184 3176 1291 3240 solidis
1322 3178 1446 3259 culpa-

280 3255 350 3318 bilis
372 3255 536 3319 iudicetur.

387 3344 416 3404 2.
439 3339 469 3400 Si
501 3341 570 3420 quis
600 3360 619 3403 a
649 3342 854 3406 contubernio
885 3343 1092 3424 probabiliter
1120 3345 1233 3426 ligatus
1264 3365 1358 3427 super
1386 3367 1444 3409 res

281 3423 400 3485 alienas
422 3423 526 3496 fuerit,
550 3443 620 3485 eum
644 3429 684 3487 ad
707 3428 939 3488 excusationem
962 3447 1024 3488 non
1047 3431 1264 3509 permittimus,

386 3510 416 3570 3.
439 3507 499 3568 Sed
524 3508 549 3569 si
576 3529 654 3570 unus
677 3510 774 3570 borno
798 3530 867 3571 cum
890 3511 1074 3574 satellitibus
1094 3513 1158 3575 suis
1177 3513 1338 3574 hominem
1353 3513 1445 3594 liga-

281 3591 371 3662 verit,
390 3601 444 3651 aut
458 3591 559 3670 ipsum
583 3611 733 3654 excusare
756 3595 979 3674 permittimus;
1003 3602 1058 3658 aut
1073 3597 1235 3678 proximus
1252 3598 1329 3670 eius,
1351 3600 1443 3678 quod

279 3672 431 3734 innocens
453 3674 564 3759 ligatus
587 3675 636 3748 sit,
660 3695 729 3737 cum
752 3683 771 3743 6
793 3678 884 3740 iuret.

808 3795 915 3858 XLlV.

677 3898 731 3958 Da
752 3898 1038 3962 venationibus.

388 4001 414 4064 l.
438 3998 469 4059 si
485 3998 554 4080 quis
575 3999 614 4059 de
638 3999 768 4062 diversis
784 4001 1002 4064 venationibus
1025 4002 1147 4065 furatus
1170 4003 1264 4065 fuerit
1284 4012 1315 4066 et
1331 4006 1442 4068 cacla-

280 4082 376 4156 verit,
406 4102 462 4144 seu
492 4092 523 4144 et
544 4083 584 4144 dc
608 4082 847 4162 piscationibus,
880 4087 919 4150 15
943 4085 1050 4148 solidis
1081 4088 1241 4167 culpabilis
1271 4087 1439 4152 iudicetur.

280 4165 360 4240 Quia
384 4185 447 4227 non
471 4174 519 4228 est
539 4168 621 4228 haec
642 4186 694 4230 res
715 4186 876 4248 possessa,
898 4170 954 4230 sed
977 4171 1017 4230 de
1040 4171 1256 4234 venationibus
1280 4174 1392 4256 agitur.

386 4253 415 4314 2.
438 4250 469 4311 Si
493 4250 561 4330 quis
584 4270 712 4312 cervum
735 4251 886 4314 domitum
910 4252 959 4313 vel
981 4272 1051 4314 cum
1073 4255 1175 4317 triutis
1199 4256 1359 4331 occiderit,
1387 4265 1443 4320 aut

281 4333 402 4396 furatus
418 4334 522 4407 fuerit,
545 4354 607 4395 non
630 4335 710 4397 sicut
728 4335 768 4397 de
786 4335 914 4418 reliquis
935 4337 1121 4402 animalibus
1143 4339 1262 4403 lurtum
1284 4342 1441 4422 exigatur,

282 4417 337 4480 sod
361 4423 482 4479 tantum
503 4419 544 4482 45
567 4417 677 4482 solidis
700 4420 857 4487 multetur,
