3110 5232
704 445 786 503 ,LEX
803 441 990 502 alaudam.

742 639 886 696 nconn.
905 620 945 693 Α.

270 761 580 864 praesumpserit,
604 773 694 834 tunc
720 760 789 854 illi,
817 759 924 832 cuius
949 781 1083 832 servus
1108 767 1178 852 est7
1207 781 1427 855 supereum

269 890 423 940 manum
451 864 602 937 mittere
625 861 738 936 debit.
782 861 828 933 Et
846 861 878 934 si
897 858 1106 933 tabularius
1126 869 1196 951 est,
1220 857 1281 931 vel
1299 857 1427 956 regius

269 991 337 1041 seu
367 967 557 1040 Romanus
591 964 728 1058 homo,
769 961 831 1060 qui
871 962 944 1034 hoc
975 959 1087 1056 facit,
1123 983 1238 1056 super
1278 969 1427 1058 septem

268 1067 403 1162 noctis,
433 1066 466 1141 si
490 1067 667 1161 Francus,
693 1087 807 1160 super
830 1067 873 1137 14
891 1064 938 1135 de
956 1086 1071 1134 manu
1097 1059 1135 1132 in
1158 1085 1272 1132 manu
1299 1062 1429 1134 ambu-

268 1169 347 1242 lare
373 1169 497 1261 debet,
522 1167 696 1264 quamvis
724 1163 863 1237 multas
887 1161 1114 1237 vindicionis
1140 1185 1187 1235 ex
1214 1160 1280 1234 illo
1307 1162 1429 1236 factas

269 1269 446 1363 fuissent,
477 1267 709 1364 usquedum
737 1266 783 1338 ad
811 1289 856 1338 ea
882 1288 997 1337 manu
1025 1262 1147 1358 venit³
1175 1262 1239 1360 qui
1263 1287 1350 1336 eum
1374 1263 1430 1335 in·

269 1394 435 1470 genuum
455 1368 617 1442 demisit.
653 1367 700 1441 Et
717 1376 806 1439 tnnc
825 1390 869 1438 ex
889 1389 933 1438 eo
954 1363 1117 1438 iudicius
1138 1363 1313 1461 superius
1340 1389 1429 1438 con·

267 1472 478 1570 prehensus
498 1467 760 1567 adimpleatur.

369 1575 403 1647 9.
433 1570 474 1644 Si
493 1582 619 1644 autem
638 1567 847 1642 tabularius
866 1565 1044 1639 ancillam
1062 1564 1208 1664 regiam
1228 1576 1292 1638 aut
1306 1567 1431 1639 eccle·

266 1671 462 1748 siasticam
486 1696 554 1745 seu
580 1669 756 1744 ancillam
781 1667 956 1741 tabularii
982 1665 1021 1738 in
1046 1665 1328 1739 matrimonium
1354 1666 1428 1741 sibi

267 1773 435 1847 sociatus
460 1773 592 1868 fuerit,
619 1771 744 1868 ipsum
771 1792 857 1843 cum
882 1793 926 1842 ea
950 1792 1081 1841 servus
1107 1779 1340 1865 permaneat.
1385 1769 1427 1843 si

266 1885 394 1947 autem
421 1884 568 1946 tantum
595 1873 792 1946 mechatus
811 1869 945 1965 fuerit,
975 1873 1009 1945 8.
1037 1868 1162 1941 medio
1199 1869 1320 1943 solido
1348 1871 1429 1942 cul·

159 2021 186 2064 ρ.
203 1973 403 2071 napabilis
423 1973 619 2068 iudicetur,
649 1983 714 2046 aut
733 1995 818 2044 cum
836 1996 904 2045 sex
923 1969 1022 2043 iurit.
1061 1970 1168 2057 Quod
1187 1969 1219 2044 si
1238 1970 1428 2044 tabularia

266 2077 339 2149 hoc
357 2073 502 2168 fecerit,
521 2074 605 2172 ipsa
621 2084 658 2146 et
673 2071 869 2172 generatio
885 2071 966 2145 eius
982 2071 1020 2142 in
1033 2069 1196 2143 servicio
1209 2070 1427 2146 inclinetur.

372 2178 428 2249 10.
456 2172 519 2248 Si*
533 2186 660 2247 autem
674 2173 881 2246 tabularius
897 2171 1074 2244 ancillam
1088 2172 1304 2246 Ribnariam
1319 2197 1428 2246 acce·

266 2275 376 2374 perit,
396 2300 471 2348 non
489 2275 575 2373 ipsi,
594 2277 660 2348 sed
681 2273 875 2374 generatio
895 2273 977 2346 eius
996 2272 1148 2346 serviat.

369 2375 394 2458 *)
418 2387 449 2440 ln
467 2384 555 2440 codd
574 2389 653 2454 caput
672 2383 714 2438 10.
733 2380 770 2438 do
790 2386 899 2452 captur.-
924 2371 974 2432 Sic
996 2390 1064 2432 cum
1086 2370 1253 2434 Ribnarius
1277 2371 1425 2434 ancillam

414 2456 598 2519 Ribnariam
614 2455 773 2535 acciperit,
791 2475 852 2516 non
869 2454 947 2536 ipse,
963 2456 1019 2518 sed
1035 2455 1196 2535 generatio
1213 2456 1278 2518 eius
1294 2457 1425 2519 serviat.

416 2539 563 2602 Similiter
590 2548 620 2602 et
647 2539 804 2602 tabularia
829 2539 879 2600 vel
904 2540 990 2620 regia
1017 2547 1071 2601 aut
1091 2541 1236 2601 Romana
1257 2540 1374 2602 famina
1399 2541 1426 2603 si

417 2643 542 2688 servum
571 2624 754 2686 Ribnarium
784 2622 947 2705 acciperit,
977 2642 1040 2684 non
1062 2623 1146 2704 ipsa,
1177 2623 1234 2685 sed
1260 2625 1426 2705 generatio

416 2708 482 2769 cius
505 2708 630 2770 serviat.

370 2800 425 2868 11.
466 2793 507 2867 Si
532 2792 825 2889 ecclesiasticos,
849 2794 1040 2866 Romanus
1067 2793 1126 2865 vel
1151 2793 1280 2892 regius
1306 2796 1424 2867 horno

747 3021 771 3074 n
790 2999 892 3076 corin
911 3003 955 3075 B.

262 3138 439 3220 sumpserit,
461 3139 617 3212 tuncino,
640 3139 726 3201 cuius
748 3137 857 3201 servus
880 3145 938 3211 est,
960 3158 1055 3219 super
1070 3159 1140 3200 eum
1158 3158 1284 3200 manum
1300 3139 1426 3202 mittere

262 3224 367 3285 debet.
403 3221 442 3285 Et
463 3223 490 3285 si
513 3224 683 3286 tabularius
706 3232 762 3294 ost,
784 3223 834 3286 vel
855 3224 960 3303 regius
983 3242 1038 3284 seu
1056 3225 1215 3285 Romanus
1238 3223 1345 3293 homo,
1370 3224 1425 3304 qui

262 3306 323 3370 hoc
344 3306 429 3380 facit,
452 3327 547 3390 super
569 3316 689 3388 septem
706 3313 824 3380 noctes,
848 3307 873 3368 si
889 3307 1034 3380 Francus,
1057 3327 1152 3387 super
1169 3308 1422 3387 quattuordecim

262 3391 301 3452 da
331 3410 425 3452 manu
454 3390 486 3452 in
512 3411 639 3454 manum
669 3391 831 3453 ambulare
861 3391 965 3463 debet,
994 3391 1136 3472 quamvis
1167 3392 1284 3453 multae
1308 3392 1425 3452 vendi-

263 3475 363 3537 tiones
380 3495 421 3534 ex
436 3474 490 3536 illo
506 3477 608 3538 factae
626 3477 765 3550 fuissent,
787 3494 888 3555 usque
911 3476 983 3535 dum
1000 3477 1040 3536 ad
1063 3495 1133 3537 cam
1158 3495 1283 3536 manum
1306 3477 1424 3551 veniat,

261 3577 344 3639 quae
374 3577 444 3618 cum
473 3559 639 3640 ingenuum
662 3559 786 3624 dimisit.
829 3560 869 3620 Et
891 3567 964 3621 tunc
985 3579 1024 3620 cx
1047 3579 1085 3620 ec
1108 3559 1254 3621 iudicium
1277 3560 1425 3640 superius

263 3641 536 3723 conpraehensum
560 3644 778 3723 adimpleatur.
1286 3694 1291 3704 .

366 3728 396 3790 9.
433 3725 464 3786 Si
488 3734 592 3788 autern
616 3728 788 3788 tabularius
811 3726 955 3788 ancillam
971 3727 1089 3807 regiam
1106 3735 1161 3789 aut
1175 3727 1422 3791 ecclesiasticam

262 3828 318 3872 sou
339 3808 483 3871 ancillam
506 3810 651 3872 tabularii
672 3811 703 3871 in
727 3813 959 3874 matrimonium
982 3813 1039 3872 sibi
1063 3811 1199 3874 sociatus
1220 3811 1323 3885 fuerit,
1353 3812 1425 3893 ipse

139 3907 185 3966 *μ
200 3907 331 3956 trucum
355 3912 393 3956 aa
415 3913 523 3956 servus
545 3904 739 3976 permaneat.
775 3895 822 3956 *si
846 3902 950 3957 autem
973 3904 1092 3957 tanturn
1116 3897 1299 3958 moechatus
1315 3897 1423 3970 fucrit,

260 3980 290 4044 8.
314 3977 451 4040 dimedio
480 3979 582 4042 solido
606 3980 767 4060 culpabilis
789 3979 953 4051 iudicetur,
984 3986 1038 4042 aut
1059 3999 1129 4041 cum
1151 3984 1171 4046 6
1192 3980 1282 4042 iuret.
1327 3981 1421 4054 Quod

260 4062 288 4124 si
317 4062 473 4124 tabularia
502 4063 563 4127 hoc
592 4064 719 4139 fecerit,
751 4063 821 4144 ipsa
851 4071 882 4125 at
910 4065 1071 4144 generatio
1101 4065 1166 4127 cius
1194 4065 1227 4124 in
1258 4064 1421 4126 servitium

257 4145 455 4209 inclinentur.

366 4234 415 4297 10.
451 4230 482 4292 Si
504 4239 609 4292 autem
624 4232 797 4295 tabularius
814 4233 959 4295 ancillam
973 4232 1157 4294 Ribnariam
1173 4230 1332 4312 acciperit,
1357 4252 1420 4294 non

258 4314 335 4393 ipse,
359 4315 414 4375 sed
437 4317 597 4395 generatio
622 4317 688 4379 cius
711 4316 839 4378 serviat.

365 4400 413 4464 11.
458 4398 488 4460 si
511 4398 753 4474 ecclesiasticus,
775 4403 936 4464 Romanus
952 4402 1001 4464 vel
1016 4401 1119 4482 regius
1134 4401 1232 4462 homo
1248 4399 1419 4482 ingenuam
