3110 5232
714 465 792 522 tux
810 463 997 522 utentem.

761 659 784 712 u
803 657 905 713 corn.
924 640 964 714 Α.

384 782 417 853 2.
458 777 563 867 Quod
592 777 623 852 si
652 778 737 875 quis
769 776 996 851 tabularium
1032 802 1098 852 seu
1135 777 1435 853 ecclesiasticum

281 880 475 954 hominem
511 889 640 952 contra
679 879 900 975 episcopum
938 880 1138 953 defensare
1172 879 1355 975 voluerit,
1390 882 1436 955 60

283 981 425 1056 solidos
454 990 492 1053 et
515 979 668 1077 insuper
692 979 886 1053 hominem
913 1004 999 1052 cum
1018 980 1193 1054 omnibus
1219 982 1333 1053 rebus
1361 980 1436 1054 suis

283 1080 471 1156 ecclesiae
507 1080 692 1154 restituat.
747 1080 841 1167 Quia
881 1079 1069 1153 inlicitum
1106 1081 1301 1176 ducimus7
1340 1082 1436 1179 quod

284 1181 459 1257 ecclesiis
479 1181 737 1255 concessimus
758 1182 894 1254 iterum
913 1182 957 1254 ab
978 1181 1153 1256 eeclesiis
1171 1205 1364 1257 revocare.

387 1306 420 1376 3.
458 1303 577 1374 Nemo
605 1324 755 1373 servum
776 1300 1077 1374 ecclesiasticum
1098 1303 1239 1398 absque
1256 1300 1439 1374 vicarium

285 1401 461 1476 libertum
481 1403 606 1474 facere
625 1411 851 1497 praesumat.

180 1548 206 1590 r·
221 1528 272 1578 ²⁴4·
383 1525 418 1594 4.
454 1519 676 1594 Tabularius
697 1530 837 1613 autern,
863 1518 926 1616 qui
946 1520 1089 1617 absque
1106 1519 1236 1593 liberis
1256 1519 1441 1593 discesse-

283 1621 345 1717 rit,
363 1619 508 1693 nulium
528 1621 644 1693 alium
664 1645 775 1718 quam
797 1618 999 1694 ecclesiam
1019 1620 1210 1718 relinquat
1226 1620 1420 1693 heredem.

385 1743 420 1815 5.
469 1740 576 1827 Quod
603 1739 635 1812 si
671 1739 755 1837 quis
789 1739 937 1812 tabulas
969 1731 1234 1837 episcoporum
1267 1739 1439 1813 manibus

285 1865 352 1915 seu
386 1839 610 1914 clericorum
646 1841 842 1913 roboratas
879 1839 1095 1938 inrumpere
1131 1839 1316 1933 voluerit,
1352 1850 1441 1913 tune

285 1941 574 2016 archidiaconus
603 1965 688 2013 curn
714 1939 885 2035 testibus,
905 1940 967 2038 qui
987 1941 1134 2014 tabulas
1156 1943 1440 2036 roboraverunt,

286 2053 373 2116 ante
411 2042 630 2140 episcopum
655 2041 716 2114 vel
742 2064 872 2137 regem
902 2043 1077 2138 accedat,
1106 2052 1147 2115 ut
1179 2041 1312 2135 testis,
1341 2043 1440 2138 quod

286 2146 423 2239 sciunt,
448 2142 583 2215 dicant.
619 2141 726 2231 Quod
755 2141 786 2215 si
817 2141 886 2238 inq
912 2143 977 2239 qui
1005 2166 1158 2216 eausam
1185 2142 1441 2239 prosequitur,

285 2244 532 2343 adquiescere
553 2243 731 2337 noluerit,
757 2252 846 2314 tunc
867 2243 984 2316 tabuii
1007 2243 1044 2314 in
1066 2245 1282 2341 praesentia
1306 2243 1442 2316 iudicis

285 2348 543 2445 perforentur2
589 2355 628 2417 et
670 2342 958 2417 archidiaconus
997 2343 1034 2416 in
1076 2355 1274 2440 praesente
1319 2369 1443 2416 sacra·

285 2459 455 2521 mentum
492 2443 566 2519 fide
599 2444 733 2540 faciat,
775 2455 812 2517 et
852 2445 921 2517 sibi
954 2444 1141 2542 septimus
1173 2468 1288 2542 super
1319 2443 1441 2519 noctis

286 2559 435 2646 septem
464 2546 627 2620 coniurit
651 2569 737 2618 cum
760 2545 852 2642 ipsis
879 2544 1059 2642 testibus,
1087 2545 1151 2644 qui
1178 2546 1326 2619 tabulas
1357 2570 1444 2618 con·

287 2648 539 2747 scripserunt,
583 2650 679 2744 quod
718 2645 789 2743 ipsi
825 2645 1033 2720 tabularius
1071 2648 1280 2721 secundum
1315 2645 1443 2746 legem

768 2909 791 2963 u
809 2908 911 2964 cour.
930 2893 974 2965 B.

392 3031 422 3093 2.
459 3026 552 3100 Quod
576 3026 603 3088 si
624 3025 691 3107 quis
714 3026 904 3087 tabularium
927 3047 983 3090 seu
1012 3026 1257 3089 ecclesiasticum
1284 3025 1445 3087 bominem

288 3117 398 3175 contra
421 3111 604 3191 episcopum
629 3109 795 3171 defensare
819 3111 959 3184 vuluerit,
982 3115 1022 3176 60
1038 3111 1156 3173 solidus
1177 3116 1208 3170 et
1229 3110 1359 3190 insuper
1381 3110 1446 3171 hu-

287 3196 403 3258 minem
432 3215 501 3257 eum
532 3194 677 3257 omnibus
706 3197 798 3255 rebus
826 3196 890 3256 suis
917 3193 1068 3256 ecclesiae
1090 3194 1243 3257 restituat.
1287 3192 1371 3267 Quia
1394 3195 1448 3253 in-

287 3280 402 3343 licitum
427 3279 567 3352 dicimus,
597 3278 681 3360 quod
704 3277 843 3341 ecclesiis
866 3279 1087 3352 concessimus,
1109 3278 1222 3340 iterum
1244 3278 1284 3339 ab
1309 3277 1449 3340 ecclesiis

287 3383 448 3426 revocare.

394 3470 423 3530 3.
460 3466 559 3526 Nemo
587 3483 711 3526 servum
742 3464 985 3528 ecclesiasticum
1015 3465 1133 3544 absque
1160 3462 1278 3525 vicario
1301 3462 1449 3524 libertum

288 3549 395 3611 facere
417 3555 608 3630 praesumat.
1268 3577 1274 3588 ·

186 3652 278 3714 nw-
396 3653 425 3714 4.
473 3649 660 3712 Tabularius
698 3656 821 3729 autem,
859 3649 911 3731 qui
947 3652 1068 3730 absque
1104 3648 1213 3712 liberis
1256 3649 1450 3722 discesserit,

290 3733 407 3796 nullum
431 3731 527 3793 alium
550 3733 608 3794 nisi
631 3732 795 3796 ecclesiam
818 3732 973 3814 relinquat
994 3734 1153 3796 heredem.

395 3839 424 3901 5.
463 3835 555 3906 Quod
586 3832 612 3895 si
638 3836 707 3915 quis
735 3835 860 3897 tabulas
890 3836 1111 3917 episcoporum
1136 3835 1279 3897 manibus
1302 3853 1359 3896 seu
1384 3836 1452 3896 cle-

290 3920 425 3982 ricorum
450 3921 619 3981 roboratas
646 3918 827 3999 inrumpere
848 3920 992 3994 voluerit,
1020 3927 1093 3982 tunc
1115 3919 1357 3982 archidiaconus
1381 3937 1450 3980 cum

290 4002 432 4077 testibus,
463 4003 515 4084 qui
546 4003 667 4066 tabulas
697 4006 938 4076 roboraverunt,
970 4013 1043 4066 ante
1064 4003 1246 4083 episcopum
1271 4003 1322 4063 vel
1344 4021 1451 4085 regem

290 4089 429 4160 accedat,
452 4095 486 4148 ut
500 4094 608 4161 testes,
631 4089 714 4168 quod
731 4087 842 4159 sciunt,
865 4087 980 4150 dicant.
1016 4086 1109 4160 Quod
1127 4087 1152 4150 si
1167 4087 1229 4162 iiie,
1253 4087 1306 4167 qui
1321 4105 1451 4148 causam

290 4172 510 4255 prosequitur,
541 4171 748 4252 adquiescere
777 4171 921 4245 noluerit,
952 4182 1024 4234 tunc
1052 4171 1179 4233 tabulae
1207 4171 1238 4231 in
1268 4170 1451 4251 praesentia

289 4257 399 4318 iudicis
424 4256 634 4337 perforentur,
663 4265 694 4316 et
721 4255 960 4318 archidiaconus
989 4257 1019 4317 in
1053 4263 1221 4336 praesente
1249 4261 1452 4317 sacramento

289 4339 385 4400 fidem
415 4340 526 4412 faciat,
559 4346 590 4400 et
623 4339 681 4402 sibi
713 4341 864 4420 septimus
897 4358 992 4420 super
1024 4349 1133 4402 noctes
1163 4347 1282 4419 septem
1311 4338 1455 4401 coniuret

174 4445 213 4503 η.
229 4442 361 4492 osseum
382 4424 459 4504 ipsis
480 4422 620 4497 testibus,
643 4423 695 4504 qui
717 4423 854 4485 *tabulas
876 4423 1140 4504 conscripserunt,
1164 4423 1249 4504 quod
1271 4421 1340 4503 ipse
1356 4424 1455 4485 tabu-
