3090 5258
676 444 752 501 LEX
771 445 957 502 urrunnu.

720 639 743 692 r
762 638 865 694 cono.
884 621 924 696 Α.

241 761 456 867 praesentia
475 759 636 833 testibus
656 759 830 857 recipiat,
850 770 887 832 et
907 760 954 856 ei,
974 759 1036 859 qui
1056 785 1137 834 rem
1157 783 1266 834 suam
1285 760 1401 834 inter·

241 864 375 960 ciavit,
426 859 673 961 probabiliter
723 862 907 935 ostendat.
979 861 1026 935 Et
1068 873 1158 935 ωηο
1210 861 1293 959 ipse
1351 863 1399 936 de

240 982 374 1065 taxaga
407 987 564 1037 securus
596 961 668 1056 sit⁷
707 970 745 1035 et
777 961 863 1056 ine,
893 961 956 1059 qui
990 961 1223 1057 interciavit,
1260 974 1398 1062 texaga

240 1082 278 1144 et
296 1067 457 1141 ditatura
477 1065 522 1136 ad
544 1079 629 1136 eum
649 1061 828 1160 requirat
849 1067 911 1160 qui
932 1065 1082 1138 solvere
1102 1063 1237 1161 coepit.

341 1171 375 1242 3.
403 1165 510 1254 Quod
530 1165 561 1238 si
581 1175 713 1237 auctor
731 1189 821 1238 suos
837 1165 984 1239 venerit
1002 1175 1039 1239 et
1058 1190 1138 1239 rem
1159 1163 1398 1238 interciatam

240 1270 410 1367 recipere
428 1265 634 1360 rennuerit,
650 1277 740 1338 tunc
756 1265 823 1358 illi7
848 1291 1089 1364 superquam
1112 1265 1309 1341 interciata
1326 1278 1398 1363 est,

241 1370 402 1471 capitale
422 1379 460 1441 et
479 1366 641 1440 ditatura
661 1369 782 1465 adque
800 1379 938 1466 texaga
960 1369 1111 1442 solvere
1130 1369 1291 1442 studeat.

342 1473 376 1542 4.
405 1469 511 1556 Quod
539 1467 571 1541 si
604 1468 639 1540 in
666 1468 747 1565 ipsa
767 1469 882 1563 hora,
909 1471 1057 1568 quando
1077 1495 1138 1544 res
1164 1468 1397 1563 interciatun

239 1572 509 1671 responderet7
537 1569 636 1665 quod
665 1570 883 1642 fordronem
910 1596 1021 1644 suum
1047 1572 1215 1665 nesciat,
1244 1581 1334 1643 tunc
1359 1570 1397 1642 in

240 1683 438 1776 praesente
468 1682 707 1744 sacramento
736 1671 805 1744 sibi
836 1671 997 1769 septima
1013 1697 1125 1746 mano
1152 1672 1265 1746 fidem
1283 1671 1400 1744 faciat

240 1789 279 1852 et
302 1797 417 1872 super
443 1777 638 1846 rancores
665 1796 752 1845 eum
779 1771 903 1846 iurare
928 1773 1081 1868 studiat,
1110 1774 1208 1872 quod
1238 1773 1285 1846 ad
1311 1797 1399 1845 auc-

240 1891 361 1953 torem
378 1874 437 1947 vel
456 1896 544 1946 casa
561 1896 627 1946 seu
643 1873 782 1971 postim
799 1872 933 1948 ianuae
949 1875 1218 1951 auctorissuae
1239 1874 1398 1968 nesciat,

241 1990 278 2056 et
296 1978 418 2075 ipsam
436 1998 518 2048 rem
537 1973 619 2047 sine
639 1975 775 2047 damno
799 1977 940 2048 reddat.

746 2112 898 2184 XXXIV.

346 2240 375 2307 1.
400 2231 439 2305 Si
463 2230 547 2328 quis
566 2229 753 2329 ingenuus
770 2231 974 2331 ingenuam
992 2233 1178 2327 rabuerit‚
1198 2231 1253 2305 bis
1272 2242 1401 2305 cente·

241 2360 308 2409 nos
321 2332 464 2408 solidos
484 2331 619 2405 noxius
637 2331 835 2406 iudicetur.
873 2333 978 2421 Quod
1001 2333 1031 2407 si
1053 2345 1129 2407 tres
1150 2333 1290 2407 inienui
1312 2358 1401 2406 curn

240 2438 322 2537 ipso
342 2433 500 2524 fuerint7
527 2433 787 2532 unusquisque
815 2459 946 2507 eorum
974 2434 1030 2508 bis
1059 2435 1231 2533 trigenus
1251 2433 1399 2508 solidus

240 2536 344 2614 noxii
363 2534 587 2608 iudicentur.
625 2535 669 2606 Et
686 2536 814 2633 quanti
835 2561 950 2632 super
967 2535 1054 2609 illos
1073 2541 1094 2610 4
1116 2538 1265 2632 fuerint,
1285 2561 1401 2609 unus-

240 2638 400 2739 quisque
419 2647 477 2709 ter
496 2638 631 2733 quinus
651 2637 796 2710 solidus
817 2638 951 2711 noxius
971 2637 1167 2711 iudicetur.

676 2792 680 2800 ’
722 2833 864 2890 ηοοηη.
886 2818 926 2890 Β.

240 2957 331 3031 etei,
355 2954 407 3034 qui
430 2972 497 3014 rern
520 2972 609 3014 snam
632 2953 813 3028 intertiavit‚
837 2953 1043 3033 probabiliter
1065 2955 1221 3016 ostendat.
1264 2954 1303 3014 Et
1322 2961 1401 3014 ωηο

239 3044 306 3124 ipse
329 3041 368 3100 de
389 3037 471 3099 furto
495 3056 623 3099 securus
643 3037 691 3111 sit,
715 3038 820 3112 etille‚
843 3039 894 3118 qui
917 3038 1095 3112 intertiavit‚
1118 3039 1233 3100 turtum
1258 3046 1288 3098 et
1311 3037 1401 3100 dila-

240 3139 342 3190 turam
366 3125 405 3184 ab
430 3142 468 3182 eo
491 3121 640 3203 requirat,
664 3123 715 3202 qui
737 3122 860 3184 solvere
883 3122 994 3202 caepit.

345 3209 375 3272 3.
404 3205 496 3279 Quod
520 3207 545 3267 si
573 3215 683 3268 auctor
711 3226 785 3267 suus
809 3207 928 3268 venerit
951 3214 982 3268 et
1007 3226 1074 3267 rem
1097 3206 1288 3270 intertiatam
1311 3207 1401 3267 reoi-

240 3313 317 3377 pere
338 3293 509 3361 rennuerit,
533 3301 604 3353 ωηο
625 3291 687 3364 ἰΙΙο,
712 3311 921 3371 superquam
946 3290 1105 3353 intertiata
1128 3300 1184 3365 est,
1209 3291 1342 3372 capitale
1367 3300 1402 3353 et

240 3379 405 3439 dilaturam
431 3381 526 3454 atque
552 3377 665 3436 furtum
689 3375 813 3437 solvere
834 3376 970 3438 studeat.

346 3463 374 3525 4.
399 3459 492 3532 Quod
514 3460 538 3521 si
562 3459 593 3519 in
614 3460 682 3539 ipsa
701 3460 793 3530 hora,
813 3461 941 3541 quando
965 3479 1016 3521 res
1038 3460 1230 3534 intertiatnr,
1258 3478 1402 3539 respon-

241 3545 337 3615 derit,
372 3545 455 3625 quod
487 3544 672 3605 fordronem
706 3564 795 3605 suum
828 3545 960 3617 nesciat,
999 3553 1071 3604 tunc
1097 3545 1128 3604 in
1159 3553 1328 3626 praesente
1358 3545 1401 3606 de

240 3635 440 3694 sacramento
462 3628 520 3688 sibi
546 3628 679 3707 septima
708 3647 801 3690 mann
823 3628 919 3689 fidem
941 3628 1036 3690 faciat
1059 3637 1089 3689 et
1111 3649 1206 3710 super
1229 3637 1403 3710 quattuor-

239 3713 340 3778 decim
364 3721 471 3774 noctes
494 3712 640 3774 adiurare
662 3715 803 3786 studeat,
834 3713 918 3794 quod
949 3720 1109 3774 auctorem
1133 3715 1182 3774 vel
1205 3733 1310 3776 casam
1341 3733 1398 3776 seu

239 3809 360 3880 postem
386 3797 501 3858 ianuae
523 3797 659 3858 auctoris
682 3797 729 3859 sui
751 3797 884 3870 nesciat,
915 3806 945 3858 et
972 3799 1072 3876 ipsam
1097 3817 1164 3858 rem
1191 3799 1259 3860 sine
1282 3799 1400 3860 damno

238 3884 361 3946 reddat.

745 3965 889 4027 XXXVI.

419 4071 471 4130 De
494 4077 611 4149 raptu
635 4069 899 4152 ingenuorum
924 4069 986 4130 vel
1010 4068 1220 4129 mulierum.
1291 4065 1293 4069 ’

347 4195 374 4257 1.
402 4192 432 4252 Si
461 4193 530 4272 quis
558 4191 710 4274 ingenuus
734 4189 831 4251 horno
854 4189 1020 4272 ingenuam
1044 4173 1226 4246 feminam
1248 4189 1400 4270 rapuerit,

239 4277 301 4343 200
327 4276 435 4338 solidis
459 4276 760 4337 noxiusiudicetur.
811 4273 905 4346 Quod
935 4274 960 4334 si
989 4283 1052 4334 tres
1080 4273 1204 4352 ingenui
1234 4293 1303 4334 cum
1326 4274 1397 4354 ipso

237 4360 365 4432 inerint,
382 4361 597 4442 unnsquisque
612 4379 721 4421 eorum
738 4362 779 4425 60
794 4359 903 4418 solidis
918 4357 1003 4419 noxii
1017 4357 1201 4420 iudicentur.
1234 4359 1272 4418 Et
1288 4358 1399 4439 quanti

237 4465 333 4526 super
354 4445 423 4506 iilos
447 4449 466 4510 4
489 4445 614 4516 fuerint,
638 4443 851 4523 unusquisque
876 4448 913 4508 15
937 4441 1047 4504 soritis
1070 4442 1180 4504 noxius
1203 4441 1365 4504 indicetur.
