<?xml version="1.0" encoding="UTF-8"?>
<!DOCTYPE html PUBLIC "-//W3C//DTD XHTML 1.0 Transitional//EN"
    "http://www.w3.org/TR/xhtml1/DTD/xhtml1-transitional.dtd">
<html xmlns="http://www.w3.org/1999/xhtml" xml:lang="en" lang="en">
 <head>
  <title>
</title>
<meta http-equiv="Content-Type" content="text/html;charset=utf-8" />
  <meta name='ocr-system' content='tesseract 3.04.00' />
  <meta name='ocr-capabilities' content='ocr_page ocr_carea ocr_par ocr_line ocrx_word'/>
</head>
<body>
  <div class='ocr_page' id='page_1' title='image "./lexribuariaetle00sohmgoog/lexribuariaetle00sohmgoog_0111.png"; bbox 0 0 3110 5232; ppageno 0'>
   <div class='ocr_carea' id='block_1_1' title="bbox 605 457 1451 522">
    <p class='ocr_par' dir='ltr' id='par_1_1' title="bbox 605 457 1451 522">
     <span class='ocr_line' id='line_1_1' title="bbox 605 457 1451 522; baseline 0.009 -7"><span class='ocrx_word' id='word_1_1' title='bbox 605 458 682 516; x_wconf 86' lang='lat' dir='ltr'>LEX</span> <span class='ocrx_word' id='word_1_2' title='bbox 701 460 887 519; x_wconf 77' lang='lat' dir='ltr'>RtBUAtttA.</span> <span class='ocrx_word' id='word_1_3' title='bbox 1277 467 1330 522; x_wconf 81' lang='lat'>103</span> <span class='ocrx_word' id='word_1_4' title='bbox 1446 457 1451 470; x_wconf 83' lang='lat'>&#39;</span> 
     </span>
    </p>
   </div>
   <div class='ocr_carea' id='block_1_2' title="bbox 648 638 848 711">
    <p class='ocr_par' dir='ltr' id='par_1_2' title="bbox 648 638 848 711">
     <span class='ocr_line' id='line_1_2' title="bbox 648 638 848 711; baseline 0.015 -4"><span class='ocrx_word' id='word_1_5' title='bbox 648 653 788 711; x_wconf 79' lang='lat' dir='ltr'>acono.</span> <span class='ocrx_word' id='word_1_6' title='bbox 807 638 848 710; x_wconf 86' lang='grc' dir='ltr'>Α.</span> 
     </span>
    </p>
   </div>
   <div class='ocr_carea' id='block_1_3' title="bbox 92 768 1327 975">
    <p class='ocr_par' dir='ltr' id='par_1_3' title="bbox 92 768 1327 975">
     <span class='ocr_line' id='line_1_3' title="bbox 92 768 1327 876; baseline 0.009 -33"><span class='ocrx_word' id='word_1_7' title='bbox 92 839 95 843; x_wconf 88' lang='grc'><strong>,</strong></span> <span class='ocrx_word' id='word_1_8' title='bbox 168 768 304 844; x_wconf 87' lang='lat' dir='ltr'>similis</span> <span class='ocrx_word' id='word_1_9' title='bbox 324 770 498 844; x_wconf 87' lang='lat' dir='ltr'>furonem</span> <span class='ocrx_word' id='word_1_10' title='bbox 518 771 717 869; x_wconf 85' lang='lat' dir='ltr'>culpabilis</span> <span class='ocrx_word' id='word_1_11' title='bbox 737 773 936 872; x_wconf 87' lang='lat' dir='ltr'>iudicetur,</span> <span class='ocrx_word' id='word_1_12' title='bbox 956 788 1021 850; x_wconf 86' lang='lat' dir='ltr'>aut</span> <span class='ocrx_word' id='word_1_13' title='bbox 1040 801 1126 850; x_wconf 91' lang='lat' dir='ltr'>oum</span> <span class='ocrx_word' id='word_1_14' title='bbox 1144 801 1209 852; x_wconf 87' lang='lat' dir='ltr'>sex</span> <span class='ocrx_word' id='word_1_15' title='bbox 1225 778 1327 876; x_wconf 91' lang='lat' dir='ltr'>iurit,</span> 
     </span>
     <span class='ocr_line' id='line_1_4' title="bbox 169 873 1130 975; baseline 0.006 -32"><span class='ocrx_word' id='word_1_16' title='bbox 169 873 269 969; x_wconf 92' lang='lat' dir='ltr'>quod</span> <span class='ocrx_word' id='word_1_17' title='bbox 288 895 376 945; x_wconf 87' lang='lat' dir='ltr'>eum</span> <span class='ocrx_word' id='word_1_18' title='bbox 393 896 469 945; x_wconf 91' lang='lat' dir='ltr'>non</span> <span class='ocrx_word' id='word_1_19' title='bbox 490 873 652 946; x_wconf 83' lang='lat' dir='ltr'>celasset</span> <span class='ocrx_word' id='word_1_20' title='bbox 671 897 741 946; x_wconf 93' lang='lat' dir='ltr'>nec</span> <span class='ocrx_word' id='word_1_21' title='bbox 761 873 797 946; x_wconf 91' lang='lat' dir='ltr'>in</span> <span class='ocrx_word' id='word_1_22' title='bbox 818 876 930 950; x_wconf 91' lang='lat' dir='ltr'>domo</span> <span class='ocrx_word' id='word_1_23' title='bbox 949 877 1130 975; x_wconf 84' lang='lat' dir='ltr'><strong>pavisset.</strong></span> 
     </span>
    </p>
   </div>
   <div class='ocr_carea' id='block_1_4' title="bbox 675 1029 826 1102">
    <p class='ocr_par' dir='ltr' id='par_1_4' title="bbox 675 1029 826 1102">
     <span class='ocr_line' id='line_1_5' title="bbox 675 1029 826 1102; baseline 0.007 -2"><span class='ocrx_word' id='word_1_24' title='bbox 675 1029 826 1102; x_wconf 82' lang='lat' dir='ltr'>LXXIX.</span> 
     </span>
    </p>
   </div>
   <div class='ocr_carea' id='block_1_5' title="bbox 71 1147 1327 1352">
    <p class='ocr_par' dir='ltr' id='par_1_5' title="bbox 71 1147 1327 1352">
     <span class='ocr_line' id='line_1_6' title="bbox 269 1147 1326 1251; baseline 0.005 -30"><span class='ocrx_word' id='word_1_25' title='bbox 269 1147 308 1221; x_wconf 90' lang='lat' dir='ltr'>Si</span> <span class='ocrx_word' id='word_1_26' title='bbox 329 1147 414 1244; x_wconf 93' lang='lat' dir='ltr'>quis</span> <span class='ocrx_word' id='word_1_27' title='bbox 432 1147 545 1221; x_wconf 88' lang='lat' dir='ltr'>homo</span> <span class='ocrx_word' id='word_1_28' title='bbox 561 1158 716 1245; x_wconf 87' lang='lat' dir='ltr'>propter</span> <span class='ocrx_word' id='word_1_29' title='bbox 728 1149 871 1222; x_wconf 87' lang='lat' dir='ltr'>furtum</span> <span class='ocrx_word' id='word_1_30' title='bbox 886 1151 1183 1248; x_wconf 87' lang='lat' dir='ltr'>comprehensus</span> <span class='ocrx_word' id='word_1_31' title='bbox 1198 1153 1326 1251; x_wconf 86' lang='lat' dir='ltr'>fuerit,</span> 
     </span>
     <span class='ocr_line' id='line_1_7' title="bbox 71 1246 1327 1352; baseline 0.01 -39"><span class='ocrx_word' id='word_1_32' title='bbox 71 1310 72 1313; x_wconf 74' lang='grc'>,</span> <span class='ocrx_word' id='word_1_33' title='bbox 168 1257 206 1320; x_wconf 92' lang='lat' dir='ltr'>et</span> <span class='ocrx_word' id='word_1_34' title='bbox 235 1246 407 1346; x_wconf 78' lang='lat' dir='ltr'>legitime</span> <span class='ocrx_word' id='word_1_35' title='bbox 432 1247 712 1345; x_wconf 87' lang='lat' dir='ltr'>superioratus,</span> <span class='ocrx_word' id='word_1_36' title='bbox 740 1249 832 1323; x_wconf 87' lang='lat' dir='ltr'>etin</span> <span class='ocrx_word' id='word_1_37' title='bbox 857 1249 996 1324; x_wconf 92' lang='lat' dir='ltr'>iudicio</span> <span class='ocrx_word' id='word_1_38' title='bbox 1019 1251 1212 1350; x_wconf 81' lang='lat' dir='ltr'>principes</span> <span class='ocrx_word' id='word_1_39' title='bbox 1236 1278 1327 1352; x_wconf 92' lang='lat' dir='ltr'>pen·</span> 
     </span>
    </p>
   </div>
   <div class='ocr_carea' id='block_1_6' title="bbox 39 1347 1421 1647">
    <p class='ocr_par' dir='ltr' id='par_1_6' title="bbox 39 1347 1421 1647">
     <span class='ocr_line' id='line_1_8' title="bbox 167 1347 1324 1450; baseline 0.009 -32.006"><span class='ocrx_word' id='word_1_40' title='bbox 167 1347 267 1422; x_wconf 89' lang='lat' dir='ltr'>ditus</span> <span class='ocrx_word' id='word_1_41' title='bbox 291 1347 420 1444; x_wconf 85' lang='lat' dir='ltr'>fuerit,</span> <span class='ocrx_word' id='word_1_42' title='bbox 447 1348 507 1422; x_wconf 87' lang='lat' dir='ltr'>vel</span> <span class='ocrx_word' id='word_1_43' title='bbox 534 1348 572 1420; x_wconf 92' lang='lat' dir='ltr'>in</span> <span class='ocrx_word' id='word_1_44' title='bbox 599 1373 839 1448; x_wconf 91' lang='lat' dir='ltr'>quocumque</span> <span class='ocrx_word' id='word_1_45' title='bbox 864 1351 956 1425; x_wconf 87' lang='lat' dir='ltr'>libet</span> <span class='ocrx_word' id='word_1_46' title='bbox 973 1353 1183 1450; x_wconf 83' lang='lat' dir='ltr'>patibulum</span> <span class='ocrx_word' id='word_1_47' title='bbox 1207 1353 1324 1428; x_wconf 92' lang='lat' dir='ltr'>vitam</span> 
     </span>
     <span class='ocr_line' id='line_1_9' title="bbox 39 1447 1421 1553; baseline 0.001 -32"><span class='ocrx_word' id='word_1_48' title='bbox 39 1464 71 1539; x_wconf 48' lang='grc' dir='ltr'>ἐς,</span> <span class='ocrx_word' id='word_1_49' title='bbox 164 1447 344 1544; x_wconf 88' lang='lat' dir='ltr'>finiverit,</span> <span class='ocrx_word' id='word_1_50' title='bbox 370 1473 499 1523; x_wconf 90' lang='lat' dir='ltr'>omnes</span> <span class='ocrx_word' id='word_1_51' title='bbox 518 1472 579 1524; x_wconf 88' lang='lat' dir='ltr'>res</span> <span class='ocrx_word' id='word_1_52' title='bbox 599 1475 687 1524; x_wconf 91' lang='lat' dir='ltr'>suas</span> <span class='ocrx_word' id='word_1_53' title='bbox 703 1452 864 1526; x_wconf 88' lang='lat' dir='ltr'>heredes</span> <span class='ocrx_word' id='word_1_54' title='bbox 883 1454 1128 1549; x_wconf 76' lang='lat' dir='ltr'>possedeant,</span> <span class='ocrx_word' id='word_1_55' title='bbox 1154 1455 1354 1553; x_wconf 53' lang='lat' dir='ltr'>exceptis»</span> <span class='ocrx_word' id='word_1_56' title='bbox 1369 1473 1421 1524; x_wconf 75' lang='lat' dir='ltr'>aaa</span> 
     </span>
     <span class='ocr_line' id='line_1_10' title="bbox 166 1548 956 1647; baseline 0.003 -25.599"><span class='ocrx_word' id='word_1_57' title='bbox 166 1548 329 1647; x_wconf 88' lang='lat' dir='ltr'>capitale</span> <span class='ocrx_word' id='word_1_58' title='bbox 349 1561 386 1624; x_wconf 86' lang='lat' dir='ltr'>et</span> <span class='ocrx_word' id='word_1_59' title='bbox 405 1549 566 1625; x_wconf 89' lang='lat' dir='ltr'>dilatura</span> <span class='ocrx_word' id='word_1_60' title='bbox 586 1550 623 1622; x_wconf 92' lang='lat' dir='ltr'>in</span> <span class='ocrx_word' id='word_1_61' title='bbox 643 1550 727 1625; x_wconf 90' lang='lat' dir='ltr'>loco</span> <span class='ocrx_word' id='word_1_62' title='bbox 745 1552 956 1626; x_wconf 88' lang='lat' dir='ltr'>restituant.</span> 
     </span>
    </p>
   </div>
   <div class='ocr_carea' id='block_1_7' title="bbox 676 1707 812 1782">
    <p class='ocr_par' dir='ltr' id='par_1_7' title="bbox 676 1707 812 1782">
     <span class='ocr_line' id='line_1_11' title="bbox 676 1707 812 1782; baseline 0.007 -4"><span class='ocrx_word' id='word_1_63' title='bbox 676 1707 812 1782; x_wconf 85' lang='lat' dir='ltr'>LXXX.</span> 
     </span>
    </p>
   </div>
   <div class='ocr_carea' id='block_1_8' title="bbox 18 1823 1323 2123">
    <p class='ocr_par' dir='ltr' id='par_1_8' title="bbox 18 1823 1323 2123">
     <span class='ocr_line' id='line_1_12' title="bbox 265 1823 1323 1922; baseline 0.002 -23"><span class='ocrx_word' id='word_1_64' title='bbox 265 1824 304 1899; x_wconf 89' lang='lat' dir='ltr'>Si</span> <span class='ocrx_word' id='word_1_65' title='bbox 330 1824 413 1921; x_wconf 90' lang='lat' dir='ltr'>quis</span> <span class='ocrx_word' id='word_1_66' title='bbox 436 1823 654 1899; x_wconf 89' lang='lat' dir='ltr'>Ribuarium</span> <span class='ocrx_word' id='word_1_67' title='bbox 677 1826 723 1899; x_wconf 92' lang='lat' dir='ltr'>de</span> <span class='ocrx_word' id='word_1_68' title='bbox 746 1828 807 1899; x_wconf 89' lang='lat' dir='ltr'>via</span> <span class='ocrx_word' id='word_1_69' title='bbox 833 1852 900 1900; x_wconf 87' lang='lat' dir='ltr'>sua</span> <span class='ocrx_word' id='word_1_70' title='bbox 930 1829 1131 1922; x_wconf 88' lang='lat' dir='ltr'>ostaverit,</span> <span class='ocrx_word' id='word_1_71' title='bbox 1161 1831 1205 1905; x_wconf 83' lang='lat'>15</span> <span class='ocrx_word' id='word_1_72' title='bbox 1233 1828 1323 1903; x_wconf 94' lang='lat' dir='ltr'>soli·</span> 
     </span>
     <span class='ocr_line' id='line_1_13' title="bbox 25 1923 1323 2028; baseline 0.001 -27"><span class='ocrx_word' id='word_1_73' title='bbox 25 1998 27 2001; x_wconf 83' lang='lat'>.</span> <span class='ocrx_word' id='word_1_74' title='bbox 58 2016 60 2019; x_wconf 15' lang='grc' dir='ltr'>Ι</span> <span class='ocrx_word' id='word_1_75' title='bbox 165 1926 233 1999; x_wconf 90' lang='lat' dir='ltr'>dos</span> <span class='ocrx_word' id='word_1_76' title='bbox 254 1923 453 2022; x_wconf 89' lang='lat' dir='ltr'>culpabilis</span> <span class='ocrx_word' id='word_1_77' title='bbox 472 1925 670 2022; x_wconf 89' lang='lat' dir='ltr'>iudicetur,</span> <span class='ocrx_word' id='word_1_78' title='bbox 690 1937 754 1999; x_wconf 89' lang='lat' dir='ltr'>aut</span> <span class='ocrx_word' id='word_1_79' title='bbox 773 1953 857 2002; x_wconf 90' lang='lat' dir='ltr'>cum</span> <span class='ocrx_word' id='word_1_80' title='bbox 877 1930 900 2002; x_wconf 87' lang='lat'>6</span> <span class='ocrx_word' id='word_1_81' title='bbox 919 1929 1028 2025; x_wconf 89' lang='lat' dir='ltr'>iurit,</span> <span class='ocrx_word' id='word_1_82' title='bbox 1048 1930 1148 2028; x_wconf 92' lang='lat' dir='ltr'>quod</span> <span class='ocrx_word' id='word_1_83' title='bbox 1168 1927 1204 2002; x_wconf 91' lang='lat' dir='ltr'>ei</span> <span class='ocrx_word' id='word_1_84' title='bbox 1221 1929 1323 2002; x_wconf 89' lang='lat' dir='ltr'>viam</span> 
     </span>
     <span class='ocr_line' id='line_1_14' title="bbox 18 2029 1045 2123; baseline 0.005 -26"><span class='ocrx_word' id='word_1_85' title='bbox 18 2044 39 2111; x_wconf 56' lang='grc' dir='ltr'>χ</span> <span class='ocrx_word' id='word_1_86' title='bbox 163 2050 270 2099; x_wconf 89' lang='lat' dir='ltr'>suam</span> <span class='ocrx_word' id='word_1_87' title='bbox 290 2050 375 2099; x_wconf 89' lang='lat' dir='ltr'>cum</span> <span class='ocrx_word' id='word_1_88' title='bbox 395 2051 500 2098; x_wconf 88' lang='lat' dir='ltr'>arma</span> <span class='ocrx_word' id='word_1_89' title='bbox 519 2051 724 2123; x_wconf 87' lang='lat' dir='ltr'>numquam</span> <span class='ocrx_word' id='word_1_90' title='bbox 746 2029 1045 2104; x_wconf 84' lang='lat' dir='ltr'>contradixisset.</span> 
     </span>
    </p>
   </div>
   <div class='ocr_carea' id='block_1_9' title="bbox 667 2183 821 2257">
    <p class='ocr_par' dir='ltr' id='par_1_9' title="bbox 667 2183 821 2257">
     <span class='ocr_line' id='line_1_15' title="bbox 667 2183 821 2257; baseline 0.013 -3"><span class='ocrx_word' id='word_1_91' title='bbox 667 2183 821 2257; x_wconf 88' lang='lat' dir='ltr'>LXXXl.</span> 
     </span>
    </p>
   </div>
   <div class='ocr_carea' id='block_1_10' title="bbox 35 2297 1394 2501">
    <p class='ocr_par' dir='ltr' id='par_1_10' title="bbox 12 2297 1394 2501">
     <span class='ocr_line' id='line_1_16' title="bbox 265 2297 1322 2397; baseline 0.005 -25.648"><span class='ocrx_word' id='word_1_92' title='bbox 265 2297 305 2372; x_wconf 90' lang='lat' dir='ltr'>Si</span> <span class='ocrx_word' id='word_1_93' title='bbox 321 2299 404 2397; x_wconf 93' lang='lat' dir='ltr'>quis</span> <span class='ocrx_word' id='word_1_94' title='bbox 417 2300 531 2373; x_wconf 89' lang='lat' dir='ltr'>homo</span> <span class='ocrx_word' id='word_1_95' title='bbox 545 2299 744 2375; x_wconf 87' lang='lat' dir='ltr'>Ribuarius</span> <span class='ocrx_word' id='word_1_96' title='bbox 763 2303 964 2377; x_wconf 87' lang='lat' dir='ltr'>defunctus</span> <span class='ocrx_word' id='word_1_97' title='bbox 983 2303 1109 2396; x_wconf 87' lang='lat' dir='ltr'>fuerit,</span> <span class='ocrx_word' id='word_1_98' title='bbox 1129 2302 1189 2376; x_wconf 91' lang='lat' dir='ltr'>vel</span> <span class='ocrx_word' id='word_1_99' title='bbox 1208 2303 1322 2377; x_wconf 89' lang='lat' dir='ltr'>inter·</span> 
     </span>
     <span class='ocr_line' id='line_1_17' title="bbox 35 2397 1394 2501; baseline 0.009 -31"><span class='ocrx_word' id='word_1_100' title='bbox 35 2420 39 2437; x_wconf 66' lang='lat'><em>³</em></span> <span class='ocrx_word' id='word_1_101' title='bbox 162 2401 303 2493; x_wconf 85' lang='lat' dir='ltr'>lectus,</span> <span class='ocrx_word' id='word_1_102' title='bbox 330 2397 504 2473; x_wconf 87' lang='lat' dir='ltr'>etlilium</span> <span class='ocrx_word' id='word_1_103' title='bbox 524 2400 739 2498; x_wconf 72' lang='lat' dir='ltr'>reliquerit,</span> <span class='ocrx_word' id='word_1_104' title='bbox 767 2427 888 2500; x_wconf 90' lang='lat' dir='ltr'>usque</span> <span class='ocrx_word' id='word_1_105' title='bbox 911 2408 968 2479; x_wconf 88' lang='lat'>15.</span> <span class='ocrx_word' id='word_1_106' title='bbox 988 2427 1086 2476; x_wconf 92' lang='lat' dir='ltr'>anno</span> <span class='ocrx_word' id='word_1_107' title='bbox 1111 2403 1220 2501; x_wconf 91' lang='lat' dir='ltr'>pleno</span> <span class='ocrx_word' id='word_1_108' title='bbox 1249 2429 1321 2478; x_wconf 90' lang='lat' dir='ltr'>nec</span> <span class='ocrx_word' id='word_1_109' title='bbox 1392 2474 1394 2482; x_wconf 79' lang='grc'>,</span> 
     </span>
    </p>
   </div>
   <div class='ocr_carea' id='block_1_11' title="bbox 973 2587 1319 2598">
    <p class='ocr_par' dir='ltr' id='par_1_11' title="bbox 973 2587 1319 2598">
     <span class='ocr_line' id='line_1_18' title="bbox 973 2587 1319 2598; baseline 0.012 -4"><span class='ocrx_word' id='word_1_110' title='bbox 973 2587 1172 2596; x_wconf 43' lang='grc' dir='ltr'><strong><em>..ψ-..α</em></strong></span> <span class='ocrx_word' id='word_1_111' title='bbox 1176 2589 1319 2598; x_wconf 80' lang='lat'>--——-—-</span> 
     </span>
    </p>
   </div>
   <div class='ocr_carea' id='block_1_12' title="bbox 640 2684 845 2756">
    <p class='ocr_par' dir='ltr' id='par_1_12' title="bbox 640 2684 845 2756">
     <span class='ocr_line' id='line_1_19' title="bbox 640 2684 845 2756; baseline 0.01 -2"><span class='ocrx_word' id='word_1_112' title='bbox 640 2699 782 2756; x_wconf 81' lang='lat' dir='ltr'>acono.</span> <span class='ocrx_word' id='word_1_113' title='bbox 802 2684 845 2756; x_wconf 89' lang='grc' dir='ltr'>Β.</span> 
     </span>
    </p>
   </div>
   <div class='ocr_carea' id='block_1_13' title="bbox 159 2800 1320 2984">
    <p class='ocr_par' dir='ltr' id='par_1_13' title="bbox 159 2800 1320 2984">
     <span class='ocr_line' id='line_1_20' title="bbox 159 2800 1320 2899; baseline 0.006 -22"><span class='ocrx_word' id='word_1_114' title='bbox 159 2800 220 2878; x_wconf 83' lang='lat' dir='ltr'>furi</span> <span class='ocrx_word' id='word_1_115' title='bbox 243 2817 403 2899; x_wconf 84' lang='lat' dir='ltr'>culpabilis</span> <span class='ocrx_word' id='word_1_116' title='bbox 419 2817 579 2891; x_wconf 86' lang='lat' dir='ltr'>iudicetur,</span> <span class='ocrx_word' id='word_1_117' title='bbox 602 2826 656 2880; x_wconf 91' lang='lat' dir='ltr'>aut</span> <span class='ocrx_word' id='word_1_118' title='bbox 671 2837 739 2878; x_wconf 89' lang='lat' dir='ltr'>oum</span> <span class='ocrx_word' id='word_1_119' title='bbox 757 2821 776 2884; x_wconf 85' lang='lat'>6</span> <span class='ocrx_word' id='word_1_120' title='bbox 791 2818 882 2892; x_wconf 88' lang='lat' dir='ltr'>iuret,</span> <span class='ocrx_word' id='word_1_121' title='bbox 905 2819 989 2899; x_wconf 92' lang='lat' dir='ltr'>quod</span> <span class='ocrx_word' id='word_1_122' title='bbox 1006 2839 1077 2880; x_wconf 89' lang='lat' dir='ltr'>eum</span> <span class='ocrx_word' id='word_1_123' title='bbox 1093 2838 1151 2882; x_wconf 91' lang='lat' dir='ltr'>uec</span> <span class='ocrx_word' id='word_1_124' title='bbox 1166 2821 1320 2884; x_wconf 84' lang='lat' dir='ltr'>caelassot</span> 
     </span>
     <span class='ocr_line' id='line_1_21' title="bbox 159 2902 562 2984; baseline 0.005 -22"><span class='ocrx_word' id='word_1_125' title='bbox 159 2921 218 2964; x_wconf 88' lang='lat' dir='ltr'>nec</span> <span class='ocrx_word' id='word_1_126' title='bbox 239 2902 271 2963; x_wconf 90' lang='lat' dir='ltr'>iu</span> <span class='ocrx_word' id='word_1_127' title='bbox 295 2904 390 2964; x_wconf 92' lang='lat' dir='ltr'>domo</span> <span class='ocrx_word' id='word_1_128' title='bbox 414 2902 562 2984; x_wconf 86' lang='lat' dir='ltr'>pavisset.</span> 
     </span>
    </p>
   </div>
   <div class='ocr_carea' id='block_1_14' title="bbox 670 3002 812 3065">
    <p class='ocr_par' dir='ltr' id='par_1_14' title="bbox 670 3002 812 3065">
     <span class='ocr_line' id='line_1_22' title="bbox 670 3002 812 3065; baseline 0.007 -1"><span class='ocrx_word' id='word_1_129' title='bbox 670 3002 812 3065; x_wconf 91' lang='lat' dir='ltr'>LXXXl.</span> 
     </span>
    </p>
   </div>
   <div class='ocr_carea' id='block_1_15' title="bbox 329 3105 1155 3187">
    <p class='ocr_par' dir='ltr' id='par_1_15' title="bbox 329 3105 1155 3187">
     <span class='ocr_line' id='line_1_23' title="bbox 329 3105 1155 3187; baseline 0.002 -20"><span class='ocrx_word' id='word_1_130' title='bbox 329 3108 380 3167; x_wconf 88' lang='lat' dir='ltr'>De</span> <span class='ocrx_word' id='word_1_131' title='bbox 405 3106 554 3169; x_wconf 87' lang='lat' dir='ltr'>homine</span> <span class='ocrx_word' id='word_1_132' title='bbox 576 3106 743 3187; x_wconf 89' lang='lat' dir='ltr'>penduto</span> <span class='ocrx_word' id='word_1_133' title='bbox 767 3105 907 3168; x_wconf 88' lang='lat' dir='ltr'>eteius</span> <span class='ocrx_word' id='word_1_134' title='bbox 930 3106 1155 3169; x_wconf 85' lang='lat' dir='ltr'>hereditate.</span> 
     </span>
    </p>
   </div>
   <div class='ocr_carea' id='block_1_16' title="bbox 158 3193 1317 3374">
    <p class='ocr_par' dir='ltr' id='par_1_16' title="bbox 158 3193 1317 3374">
     <span class='ocr_line' id='line_1_24' title="bbox 265 3193 1317 3290; baseline 0.004 -22"><span class='ocrx_word' id='word_1_135' title='bbox 265 3207 295 3268; x_wconf 89' lang='lat' dir='ltr'>Si</span> <span class='ocrx_word' id='word_1_136' title='bbox 325 3208 394 3289; x_wconf 90' lang='lat' dir='ltr'>quis</span> <span class='ocrx_word' id='word_1_137' title='bbox 423 3209 520 3270; x_wconf 90' lang='lat' dir='ltr'>homo</span> <span class='ocrx_word' id='word_1_138' title='bbox 552 3214 681 3290; x_wconf 92' lang='lat' dir='ltr'>propter</span> <span class='ocrx_word' id='word_1_139' title='bbox 709 3207 824 3269; x_wconf 85' lang='lat' dir='ltr'>lurtum</span> <span class='ocrx_word' id='word_1_140' title='bbox 854 3209 1109 3288; x_wconf 87' lang='lat' dir='ltr'>conpraehensos</span> <span class='ocrx_word' id='word_1_141' title='bbox 1140 3209 1251 3281; x_wconf 85' lang='lat' dir='ltr'>fuerit,</span> <span class='ocrx_word' id='word_1_142' title='bbox 1285 3193 1317 3272; x_wconf 81' lang='lat' dir='ltr'>et</span> 
     </span>
     <span class='ocr_line' id='line_1_25' title="bbox 158 3290 1314 3374; baseline 0.003 -23"><span class='ocrx_word' id='word_1_143' title='bbox 158 3291 293 3374; x_wconf 82' lang='lat' dir='ltr'>legitime</span> <span class='ocrx_word' id='word_1_144' title='bbox 317 3292 543 3373; x_wconf 86' lang='lat' dir='ltr'>superiuratus,</span> <span class='ocrx_word' id='word_1_145' title='bbox 566 3300 596 3353; x_wconf 90' lang='lat' dir='ltr'>et</span> <span class='ocrx_word' id='word_1_146' title='bbox 617 3290 730 3352; x_wconf 89' lang='lat' dir='ltr'>iudicio</span> <span class='ocrx_word' id='word_1_147' title='bbox 753 3290 902 3372; x_wconf 87' lang='lat' dir='ltr'>principis</span> <span class='ocrx_word' id='word_1_148' title='bbox 924 3291 1079 3373; x_wconf 79' lang='lat' dir='ltr'>pendulus</span> <span class='ocrx_word' id='word_1_149' title='bbox 1094 3292 1198 3367; x_wconf 85' lang='lat' dir='ltr'>luerit,</span> <span class='ocrx_word' id='word_1_150' title='bbox 1220 3293 1269 3354; x_wconf 87' lang='lat' dir='ltr'>vel</span> <span class='ocrx_word' id='word_1_151' title='bbox 1283 3294 1314 3354; x_wconf 89' lang='lat' dir='ltr'>in</span> 
     </span>
    </p>
   </div>
   <div class='ocr_carea' id='block_1_17' title="bbox 14 3373 1435 3541">
    <p class='ocr_par' dir='ltr' id='par_1_17' title="bbox 13 3366 1435 3541">
     <span class='ocr_line' id='line_1_26' title="bbox 159 3373 1435 3457; baseline 0.007 -19.973"><span class='ocrx_word' id='word_1_152' title='bbox 159 3394 356 3457; x_wconf 90' lang='lat' dir='ltr'>quocumque</span> <span class='ocrx_word' id='word_1_153' title='bbox 378 3376 453 3438; x_wconf 90' lang='lat' dir='ltr'>libet</span> <span class='ocrx_word' id='word_1_154' title='bbox 475 3375 614 3457; x_wconf 86' lang='lat' dir='ltr'>patibulo</span> <span class='ocrx_word' id='word_1_155' title='bbox 630 3374 737 3436; x_wconf 84' lang='lat' dir='ltr'>*vitam</span> <span class='ocrx_word' id='word_1_156' title='bbox 753 3373 880 3447; x_wconf 87' lang='lat' dir='ltr'>finierit,</span> <span class='ocrx_word' id='word_1_157' title='bbox 902 3394 1012 3438; x_wconf 92' lang='lat' dir='ltr'>omnes</span> <span class='ocrx_word' id='word_1_158' title='bbox 1028 3393 1079 3436; x_wconf 89' lang='lat' dir='ltr'>res</span> <span class='ocrx_word' id='word_1_159' title='bbox 1097 3375 1162 3438; x_wconf 90' lang='lat' dir='ltr'>eius</span> <span class='ocrx_word' id='word_1_160' title='bbox 1177 3376 1365 3454; x_wconf 61' lang='lat' dir='ltr'>heredem.</span> <span class='ocrx_word' id='word_1_161' title='bbox 1380 3394 1435 3446; x_wconf 78' lang='lat' dir='ltr'>tu.</span> 
     </span>
     <span class='ocr_line' id='line_1_27' title="bbox 14 3457 1246 3541; baseline 0.002 -21"><span class='ocrx_word' id='word_1_162' title='bbox 14 3464 19 3499; x_wconf 78' lang='lat'>.·</span> <span class='ocrx_word' id='word_1_163' title='bbox 157 3460 350 3538; x_wconf 86' lang='lat' dir='ltr'>possideant,</span> <span class='ocrx_word' id='word_1_164' title='bbox 374 3469 504 3541; x_wconf 89' lang='lat' dir='ltr'>excepto</span> <span class='ocrx_word' id='word_1_165' title='bbox 528 3457 659 3540; x_wconf 90' lang='lat' dir='ltr'>capitale</span> <span class='ocrx_word' id='word_1_166' title='bbox 684 3466 715 3520; x_wconf 89' lang='lat' dir='ltr'>et</span> <span class='ocrx_word' id='word_1_167' title='bbox 737 3457 872 3520; x_wconf 82' lang='lat' dir='ltr'>dilutura</span> <span class='ocrx_word' id='word_1_168' title='bbox 893 3457 924 3518; x_wconf 89' lang='lat' dir='ltr'>in</span> <span class='ocrx_word' id='word_1_169' title='bbox 948 3459 1050 3520; x_wconf 90' lang='lat' dir='ltr'>locum</span> <span class='ocrx_word' id='word_1_170' title='bbox 1072 3461 1246 3522; x_wconf 88' lang='lat' dir='ltr'>restituant.</span> 
     </span>
    </p>
   </div>
   <div class='ocr_carea' id='block_1_18' title="bbox 657 3595 815 3658">
    <p class='ocr_par' dir='ltr' id='par_1_18' title="bbox 657 3595 815 3658">
     <span class='ocr_line' id='line_1_28' title="bbox 657 3595 815 3658; baseline 0.006 -2"><span class='ocrx_word' id='word_1_171' title='bbox 657 3595 815 3658; x_wconf 92' lang='lat' dir='ltr'>LXXXll.</span> 
     </span>
    </p>
   </div>
   <div class='ocr_carea' id='block_1_19' title="bbox 570 3699 900 3762">
    <p class='ocr_par' dir='ltr' id='par_1_19' title="bbox 570 3699 900 3762">
     <span class='ocr_line' id='line_1_29' title="bbox 570 3699 900 3762; baseline 0 -1"><span class='ocrx_word' id='word_1_172' title='bbox 570 3702 620 3761; x_wconf 90' lang='lat' dir='ltr'>De</span> <span class='ocrx_word' id='word_1_173' title='bbox 643 3699 732 3760; x_wconf 88' lang='lat' dir='ltr'>viae</span> <span class='ocrx_word' id='word_1_174' title='bbox 755 3699 900 3762; x_wconf 79' lang='lat' dir='ltr'>lucina.</span> 
     </span>
    </p>
   </div>
   <div class='ocr_carea' id='block_1_20' title="bbox 125 3800 1314 4055">
    <p class='ocr_par' dir='ltr' id='par_1_20' title="bbox 125 3800 1314 4055">
     <span class='ocr_line' id='line_1_30' title="bbox 262 3800 1314 3884; baseline -0.002 -20"><span class='ocrx_word' id='word_1_175' title='bbox 262 3803 293 3864; x_wconf 91' lang='lat' dir='ltr'>Si</span> <span class='ocrx_word' id='word_1_176' title='bbox 322 3802 390 3884; x_wconf 89' lang='lat' dir='ltr'>quis</span> <span class='ocrx_word' id='word_1_177' title='bbox 412 3801 575 3864; x_wconf 86' lang='lat' dir='ltr'>Ribuarius</span> <span class='ocrx_word' id='word_1_178' title='bbox 604 3801 772 3883; x_wconf 80' lang='lat' dir='ltr'>ingenuum</span> <span class='ocrx_word' id='word_1_179' title='bbox 794 3800 975 3863; x_wconf 88' lang='lat' dir='ltr'>Ribuarium</span> <span class='ocrx_word' id='word_1_180' title='bbox 1000 3800 1039 3862; x_wconf 92' lang='lat' dir='ltr'>de</span> <span class='ocrx_word' id='word_1_181' title='bbox 1062 3803 1111 3863; x_wconf 87' lang='lat' dir='ltr'>via</span> <span class='ocrx_word' id='word_1_182' title='bbox 1133 3801 1314 3876; x_wconf 83' lang='lat' dir='ltr'>obstarerit,</span> 
     </span>
     <span class='ocr_line' id='line_1_31' title="bbox 158 3883 1314 3966; baseline -0.005 -14"><span class='ocrx_word' id='word_1_183' title='bbox 158 3889 196 3952; x_wconf 82' lang='lat'>15</span> <span class='ocrx_word' id='word_1_184' title='bbox 223 3886 332 3950; x_wconf 91' lang='lat' dir='ltr'>solidis</span> <span class='ocrx_word' id='word_1_185' title='bbox 360 3885 520 3966; x_wconf 87' lang='lat' dir='ltr'>culpabilis</span> <span class='ocrx_word' id='word_1_186' title='bbox 546 3885 717 3958; x_wconf 89' lang='lat' dir='ltr'>iudicetur,</span> <span class='ocrx_word' id='word_1_187' title='bbox 747 3892 800 3946; x_wconf 85' lang='lat' dir='ltr'>aut</span> <span class='ocrx_word' id='word_1_188' title='bbox 821 3903 889 3946; x_wconf 90' lang='lat' dir='ltr'>cum</span> <span class='ocrx_word' id='word_1_189' title='bbox 912 3888 932 3951; x_wconf 88' lang='lat'>6</span> <span class='ocrx_word' id='word_1_190' title='bbox 954 3883 1044 3957; x_wconf 87' lang='lat' dir='ltr'>iuret,</span> <span class='ocrx_word' id='word_1_191' title='bbox 1074 3887 1158 3966; x_wconf 93' lang='lat' dir='ltr'>quod</span> <span class='ocrx_word' id='word_1_192' title='bbox 1181 3885 1208 3946; x_wconf 87' lang='lat' dir='ltr'>ei</span> <span class='ocrx_word' id='word_1_193' title='bbox 1231 3885 1314 3948; x_wconf 88' lang='lat' dir='ltr'>viam</span> 
     </span>
     <span class='ocr_line' id='line_1_32' title="bbox 125 3967 922 4055; baseline -0.003 -23"><span class='ocrx_word' id='word_1_194' title='bbox 125 4050 127 4055; x_wconf 68' lang='lat'>,</span> <span class='ocrx_word' id='word_1_195' title='bbox 155 3989 245 4032; x_wconf 85' lang='lat' dir='ltr'>suam</span> <span class='ocrx_word' id='word_1_196' title='bbox 268 3991 337 4033; x_wconf 91' lang='lat' dir='ltr'>cum</span> <span class='ocrx_word' id='word_1_197' title='bbox 361 3969 456 4033; x_wconf 87' lang='lat' dir='ltr'>armis</span> <span class='ocrx_word' id='word_1_198' title='bbox 479 3989 649 4050; x_wconf 88' lang='lat' dir='ltr'>numquam</span> <span class='ocrx_word' id='word_1_199' title='bbox 672 3967 922 4031; x_wconf 83' lang='lat' dir='ltr'>contradixisset.</span> 
     </span>
    </p>
   </div>
   <div class='ocr_carea' id='block_1_21' title="bbox 651 4106 819 4169">
    <p class='ocr_par' dir='ltr' id='par_1_21' title="bbox 651 4106 819 4169">
     <span class='ocr_line' id='line_1_33' title="bbox 651 4106 819 4169; baseline 0.006 -2"><span class='ocrx_word' id='word_1_200' title='bbox 651 4106 819 4169; x_wconf 87' lang='lat' dir='ltr'>LXXXlll.</span> 
     </span>
    </p>
   </div>
   <div class='ocr_carea' id='block_1_22' title="bbox 260 4209 1204 4292">
    <p class='ocr_par' dir='ltr' id='par_1_22' title="bbox 260 4209 1204 4292">
     <span class='ocr_line' id='line_1_34' title="bbox 260 4209 1204 4292; baseline -0.004 -20"><span class='ocrx_word' id='word_1_201' title='bbox 260 4211 303 4272; x_wconf 92' lang='lat' dir='ltr'>Ut</span> <span class='ocrx_word' id='word_1_202' title='bbox 325 4210 508 4292; x_wconf 88' lang='lat' dir='ltr'>parvulus</span> <span class='ocrx_word' id='word_1_203' title='bbox 532 4229 605 4271; x_wconf 91' lang='lat' dir='ltr'>non</span> <span class='ocrx_word' id='word_1_204' title='bbox 631 4209 869 4288; x_wconf 85' lang='lat' dir='ltr'>respondeat</span> <span class='ocrx_word' id='word_1_205' title='bbox 893 4214 977 4268; x_wconf 88' lang='lat' dir='ltr'>ante</span> <span class='ocrx_word' id='word_1_206' title='bbox 1001 4209 1043 4273; x_wconf 85' lang='lat'>15</span> <span class='ocrx_word' id='word_1_207' title='bbox 1067 4225 1204 4268; x_wconf 86' lang='lat' dir='ltr'>annos.</span> 
     </span>
    </p>
   </div>
   <div class='ocr_carea' id='block_1_23' title="bbox 204 4308 1314 4477">
    <p class='ocr_par' dir='ltr' id='par_1_23' title="bbox 204 4308 1314 4477">
     <span class='ocr_line' id='line_1_35' title="bbox 260 4308 1312 4392; baseline -0.003 -19"><span class='ocrx_word' id='word_1_208' title='bbox 260 4312 291 4373; x_wconf 89' lang='lat' dir='ltr'>Si</span> <span class='ocrx_word' id='word_1_209' title='bbox 314 4313 384 4392; x_wconf 92' lang='lat' dir='ltr'>quis</span> <span class='ocrx_word' id='word_1_210' title='bbox 406 4313 502 4373; x_wconf 92' lang='lat' dir='ltr'>homo</span> <span class='ocrx_word' id='word_1_211' title='bbox 518 4311 685 4374; x_wconf 86' lang='lat' dir='ltr'>Ribuarius</span> <span class='ocrx_word' id='word_1_212' title='bbox 709 4311 871 4372; x_wconf 80' lang='lat' dir='ltr'>defunctus</span> <span class='ocrx_word' id='word_1_213' title='bbox 893 4309 986 4370; x_wconf 85' lang='lat' dir='ltr'>fuerit</span> <span class='ocrx_word' id='word_1_214' title='bbox 1001 4308 1050 4371; x_wconf 89' lang='lat' dir='ltr'>vel</span> <span class='ocrx_word' id='word_1_215' title='bbox 1065 4308 1255 4381; x_wconf 71' lang='lat' dir='ltr'>interfectus</span> <span class='ocrx_word' id='word_1_216' title='bbox 1279 4313 1312 4370; x_wconf 87' lang='lat' dir='ltr'>et</span> 
     </span>
     <span class='ocr_line' id='line_1_36' title="bbox 204 4395 1314 4477; baseline -0.003 -21"><span class='ocrx_word' id='word_1_217' title='bbox 204 4414 253 4457; x_wconf 91' lang='lat' dir='ltr'>um</span> <span class='ocrx_word' id='word_1_218' title='bbox 284 4395 453 4477; x_wconf 89' lang='lat' dir='ltr'>reliquerit,</span> <span class='ocrx_word' id='word_1_219' title='bbox 483 4415 583 4477; x_wconf 90' lang='lat' dir='ltr'>usque</span> <span class='ocrx_word' id='word_1_220' title='bbox 607 4399 656 4462; x_wconf 89' lang='lat'>15.</span> <span class='ocrx_word' id='word_1_221' title='bbox 680 4414 794 4457; x_wconf 89' lang='lat' dir='ltr'>annum</span> <span class='ocrx_word' id='word_1_222' title='bbox 819 4395 944 4474; x_wconf 86' lang='lat' dir='ltr'>plenum</span> <span class='ocrx_word' id='word_1_223' title='bbox 967 4412 1025 4455; x_wconf 89' lang='lat' dir='ltr'>nec</span> <span class='ocrx_word' id='word_1_224' title='bbox 1047 4409 1171 4454; x_wconf 86' lang='lat' dir='ltr'>causam</span> <span class='ocrx_word' id='word_1_225' title='bbox 1195 4411 1314 4472; x_wconf 90' lang='lat' dir='ltr'>prose-</span> 
     </span>
    </p>
   </div>
   <div class='ocr_carea' id='block_1_24' title="bbox 0 0 1560 5232">
    <p class='ocr_par' dir='ltr' id='par_1_24' title="bbox 0 0 1560 5232">
     <span class='ocr_line' id='line_1_37' title="bbox 0 0 1560 5232; baseline 0 3"><span class='ocrx_word' id='word_1_226' title='bbox 0 0 1560 5232; x_wconf 95' lang='lat' dir='ltr'> </span> 
     </span>
    </p>
   </div>
  </div>
 </body>
</html>
