3110 5232
607 450 686 507 LEX
703 447 889 508 muudum.

651 645 675 700 u
692 644 795 700 coro.
812 626 851 700 Α.

170 767 298 841 taliter
325 764 466 863 agerit,
499 789 585 838 cum
613 765 829 864 legitimum
858 788 1015 838 numero
1046 762 1220 837 similiter
1251 774 1328 838 stu·

171 868 250 941 diat
268 867 440 965 implere,
460 878 525 940 aut
544 865 760 965 legitimum
781 865 1011 940 solutionem
1029 864 1215 939 restituat.

682 1022 816 1094 LXVll.
1337 1063 1359 1107 ρ.
1375 1045 1427 1096 aaa.

275 1149 307 1214 1.
359 1140 399 1214 si
438 1141 521 1239 quis
553 1141 718 1216 moriens
753 1137 971 1214 debitosus*
1005 1151 1069 1213 aut
1101 1148 1329 1214 testamenta

171 1243 230 1316 vel
277 1241 503 1316 venditionis
548 1266 614 1316 seu
653 1241 872 1315 tradicionis
914 1241 1055 1337 aliquid
1096 1240 1249 1335 fecerit,
1295 1239 1327 1313 si
1363 1247 1365 1256 ’

171 1343 271 1418 filios
297 1354 362 1416 aut
388 1341 487 1417 filias
515 1368 591 1416 non
618 1341 853 1441 relinquerit,
882 1341 1096 1440 quicunque
1124 1344 1169 1415 de
1195 1365 1330 1438 paren-

172 1444 270 1518 tibus
297 1443 396 1558 suis,
433 1455 616 1559 quantum
651 1469 747 1518 unus
784 1443 929 1517 solidus
956 1445 1081 1539 valet,
1118 1443 1155 1515 in
1182 1441 1329 1515 heredi·

172 1556 289 1619 tatem
316 1545 513 1643 reciperit
546 1546 608 1620 vel
641 1545 702 1618 cui
735 1543 983 1642 weregildum
1012 1544 1114 1639 eiuS,
1152 1543 1183 1618 si
1217 1542 1330 1616 inter-

171 1647 294 1720 fectus
320 1645 478 1742 fuisset,
507 1645 670 1744 legitimi
700 1645 913 1741 obvenibat,
942 1669 1092 1718 omnem
1119 1641 1329 1718 debitum*

173 1746 371 1846 culpabilis
401 1701 607 1845 iudicetur,
636 1759 674 1821 et
701 1770 850 1820 omnem
882 1747 1023 1819 lactum
1052 1745 1133 1820 eius
1161 1744 1330 1818 idoniare

174 1850 335 1942 studeat,
356 1859 420 1921 aut
439 1847 618 1946 culpam
608 1860 825 1922 incurreret.

269 1948 294 2030 *l
317 1963 334 2012 i.
355 1973 378 2015 c.
399 1962 444 2030 qui
462 1962 676 2027 commuttionem
695 1961 780 2013 debet.

255 2031 296 2115 *q
319 2047 337 2096 ι’.
358 2055 380 2095 0.
401 2045 622 2107 corapositioacm.

274 2138 308 2209 2.
355 2131 395 2205 Si
424 2132 509 2230 quis
537 2145 665 2207 autem
694 2145 781 2231 post
808 2131 882 2207 fide
909 2135 1010 2206 facta
1037 2133 1265 2206 sacramenti
1294 2132 1330 2205 in

173 2236 283 2308 hoste
318 2232 495 2307 bannitus
539 2235 674 2328 fuerit,
715 2235 746 2308 si
781 2259 857 2308 non
893 2235 1121 2332 perrexerit,
1162 2244 1247 2331 post
1284 2237 1333 2309 40

175 2335 318 2430 noctis3
361 2335 392 2408 si
425 2346 550 2408 autem
583 2334 816 2433 perrexerit,
849 2346 936 2434 post
968 2359 1070 2407 arma
1103 2334 1333 2433 positionem

175 2462 289 2535 super
310 2439 355 2510 14
374 2447 505 2509 noctes
526 2437 723 2511 coniurare
743 2435 893 2509 studiat.

275 2557 309 2630 3.
354 2554 462 2642 Quod
491 2555 522 2629 si
557 2564 835 2629 sacramentum
868 2554 945 2651 illi,
979 2553 1042 2652 qui
1079 2553 1333 2652 prosequitur,

175 2681 247 2729 non
266 2655 585 2753 pronunciaverit,
604 2656 691 2754 ipsi,
710 2655 772 2756 qui
792 2655 946 2753 placuit,
966 2667 1052 2729 ante
1071 2679 1209 2727 annum
1228 2679 1333 2728 revo-

659 2920 803 2976 acuon
824 2903 866 2975 Β.

179 3040 285 3123 egerit,
309 3058 377 3100 cum
400 3039 538 3120 legitimo
560 3057 692 3100 numero
716 3039 858 3100 similiter
886 3040 1010 3100 studeat
1024 3038 1164 3118 implere
1187 3043 1241 3098 aut
1255 3037 1337 3120 legi

178 3125 284 3187 timam
308 3117 494 3193 solutionem
519 3122 674 3184 restituat.

701 3242 812 3305 LXIX.
1345 3257 1436 3318 utut.

415 3346 466 3405 De
489 3363 536 3404 eo
560 3343 625 3423 qui
647 3343 774 3403 lilium
799 3364 875 3405 non
899 3343 1104 3424 relinquit.

287 3451 313 3513 l.
355 3447 385 3508 Si
416 3447 485 3526 quis
517 3446 655 3506 moriens
691 3445 815 3507 debitor
849 3453 903 3507 aut
931 3453 1119 3508 testamenta
1151 3444 1337 3507 venditionis

179 3553 234 3596 seu
257 3531 436 3594 traditionis
458 3529 563 3611 aliqua
585 3528 704 3600 fecerit,
726 3529 751 3590 si
773 3529 856 3592 filios
880 3537 932 3592 aut
953 3529 1034 3592 filias
1058 3549 1121 3591 non
1144 3528 1337 3609 relinquerit,

180 3617 365 3697 quicumque
388 3617 428 3675 de
451 3613 631 3694 parentibus
660 3614 741 3685 suis,
770 3621 921 3694 quantum
948 3633 1028 3674 unus
1051 3614 1169 3676 solidus
1193 3614 1284 3685 valet,
1306 3615 1338 3673 in

179 3699 386 3762 hereditatem
413 3697 577 3779 acciperit,
606 3698 656 3758 vel
690 3698 738 3760 cui
772 3699 959 3780 weregildus
991 3698 1073 3771 eius,
1103 3698 1129 3760 si
1155 3697 1338 3759 interfectus

119 3813 138 3822 -
179 3785 307 3858 luisset,
337 3783 474 3864 legitime
504 3780 709 3854 obveniebat,
744 3801 838 3844 omne
867 3783 1005 3845 debitum
1035 3801 1092 3862 per
1123 3781 1226 3862 ipsum
1260 3781 1338 3843 solvi

180 3869 344 3938 iudicatur,
371 3873 404 3927 et
432 3885 525 3928 omne
555 3867 672 3927 factum
696 3866 762 3927 eius
791 3867 936 3929 idoniare
966 3868 1106 3938 studeat,
1136 3873 1190 3927 aut
1216 3865 1338 3946 culpam

181 3953 330 4014 incurrat

287 4057 316 4118 2.
350 4054 382 4114 si
404 4052 473 4135 quis
497 4061 601 4114 autem
625 4058 698 4132 post
718 4050 814 4112 fidem
832 4051 947 4113 tactam
963 4052 1153 4111 sacramenti
1168 4050 1199 4110 in
1215 4051 1339 4113 hostem

181 4138 328 4198 bannitus
351 4138 453 4210 luerit,
476 4156 582 4199 sinon
598 4137 783 4217 perrexerit
805 4142 879 4214 post
894 4137 934 4200 40
950 4143 1074 4210 noctes
1098 4134 1123 4194 si
1141 4143 1243 4195 autem
1260 4154 1341 4213 per

182 4221 307 4366 pppaepqt,
311 4229 514 4367 8ἶιηοᾱεεξὸῗιιιιιιι
536 4220 725 4301 positionem
747 4238 842 4299 super
865 4217 1113 4300 quattuordecim
1130 4226 1238 4280 noctes
1261 4236 1340 4279 con-

287 4410 317 4473 3.
355 4407 448 4482 Quod
477 4407 505 4470 si
527 4412 757 4468 sacramentum
780 4404 842 4479 ille,
866 4406 916 4486 qui
939 4405 1151 4485 prosequitur,
1172 4423 1236 4464 uon
1259 4423 1339 4483 pro-
