3110 5232
757 474 836 531 LEX
854 472 1042 532 urrunnu.

797 666 941 723 scona.
961 650 1000 722 Α.

316 785 580 860 venationibus
610 785 667 859 vel
697 787 742 859 de
768 785 1053 884 piscationibus,
1084 787 1171 884 quia
1197 811 1270 860 non
1296 807 1355 859 res
1380 807 1456 882 pos·

317 911 445 982 sessa,
472 888 537 960 sed
565 888 612 960 de
648 886 753 984 ligna
789 886 924 984 agitur.
975 890 1050 960 Aut
1077 887 1110 961 si
1138 885 1349 985 negaverit,
1382 906 1456 956 curn

317 998 393 1061 tres
413 987 513 1059 iurit.

813 1088 982 1161 Lxxvu.

216 1243 241 1285 o
256 1223 306 1273 2⁶³·
417 1205 455 1279 Si
487 1205 570 1303 quis
597 1206 793 1280 hominem
816 1230 930 1303 super
956 1232 1016 1281 res
1040 1231 1128 1281 suas
1147 1198 1457 1304 conprehenderit,

318 1317 356 1379 et
375 1329 462 1378 eum
481 1305 603 1405 ligare
621 1306 804 1402 voluerit,
832 1317 899 1382 aut
922 1331 1039 1405 super
1064 1332 1240 1402 uxorem,
1269 1313 1332 1377 aut
1357 1322 1458 1398 super

317 1406 454 1502 filiam,
479 1406 540 1480 vel
566 1407 626 1480 his
656 1406 866 1504 similibus,
894 1418 932 1482 et
956 1434 1031 1481 non
1057 1405 1312 1507 praevaluerit
1328 1403 1456 1500 legare,

318 1509 384 1581 sed
411 1508 562 1580 colebus
589 1507 623 1581 ei
652 1508 877 1604 excesserit,
906 1520 944 1582 et
970 1534 1058 1583 eum
1085 1507 1322 1599 interficerit,
1345 1522 1457 1612 corarn

317 1607 477 1682 testibus
505 1608 541 1680 in
567 1609 776 1706 quadruvio
796 1609 835 1681 in
855 1609 941 1683 clita
963 1634 1049 1684 euin
1067 1610 1196 1684 levare
1215 1609 1336 1698 dehet,
1360 1612 1394 1675 et
1410 1623 1457 1712 sic

316 1712 366 1782 40
393 1733 461 1782 seu
493 1713 537 1782 14
566 1721 697 1784 noctes
734 1710 944 1806 custodire,
982 1722 1020 1784 et
1046 1721 1134 1784 tunc
1161 1721 1249 1783 ante
1285 1702 1400 1778 iudice
1425 1724 1455 1770 rn

315 1810 431 1882 harao
468 1809 653 1904 coniurit,
689 1813 787 1908 quod
817 1835 903 1884 euin
940 1812 986 1884 de
1019 1811 1097 1885 vita
1129 1811 1329 1885 forfactum
1360 1803 1457 1915 miei?

316 1908 484 1983 fecisset.
521 1909 588 1982 Sin
613 1922 740 1984 autem
768 1911 840 1984 ista
865 1937 940 1984 non
966 1912 1251 2008 adimpleverit,
1278 1902 1456 1980 homicrdu

318 2009 514 2108 culpabilis
541 2011 736 2084 iudicetur.
785 2013 861 2084 Aut
884 2012 916 2084 si
944 2012 1160 2111 negaverit,
1189 2035 1276 2086 curn
1300 2002 1455 2104 legitimo

316 2135 473 2184 numero
493 2111 603 2206 iuret,
623 2114 721 2209 quod
741 2113 814 2185 hoo
833 2137 907 2185 non
926 2113 1089 2186 fecisset.

803 2268 988 2341 LXXviss.

419 2383 459 2456 Si
476 2385 559 2482 quis
575 2385 749 2459 furonem
765 2386 802 2458 in
818 2388 930 2459 dorno
946 2387 1144 2485 reciperet,
1160 2387 1223 2460 vel
1238 2385 1272 2459 ei
1287 2376 1457 2490 ospiciurn

318 2509 386 2558 seu
405 2485 545 2558 victurn
569 2485 814 2583 praestiterit,
834 2489 923 2559 durn
947 2513 1008 2562 res
1030 2486 1174 2561 alienas
1190 2480 1378 2571 furaverit,
1396 2497 1458 2574 ipsi

319 3022 369 3100 res
400 3021 548 3083 possessa
578 3012 639 3076 est,
670 3004 725 3065 sed
754 3007 793 3065 de
816 3004 898 3085 ligna
925 3005 1035 3086 agitur.
1078 3007 1138 3068 Aut
1159 3006 1185 3068 si
1207 2999 1382 3095 negaverit,
1402 3012 1462 3056 cum

216 3207 239 3248 ρ.
256 3088 339 3238 2o3.3
360 3094 449 3149 mm
828 3171 972 3234 LXXIX.

649 3275 700 3334 De
721 3273 881 3334 homine
902 3274 1147 3337 furbattudo.

423 3373 454 3434 Si
478 3374 546 3454 quis
565 3373 725 3435 hominem
742 3395 837 3455 super
852 3378 946 3436 rebus
963 3376 1026 3438 suis
1043 3374 1337 3456 conpraehenderit,
1360 3378 1389 3432 et
1400 3383 1463 3465 eufn

318 3458 417 3538 ligare
431 3457 574 3531 voluerit,
597 3467 650 3520 aut
670 3478 765 3539 super
780 3478 921 3532 uxorem,
944 3478 1000 3521 seu
1015 3479 1111 3540 super
1127 3460 1234 3534 fiiiarn,
1257 3455 1369 3521 veihis
1384 3467 1464 3513 sunr-

320 3541 411 3613 libus‚
434 3549 466 3602 et
487 3560 549 3603 non
574 3541 786 3622 praevaluerit
808 3543 915 3624 ligare,
946 3545 1001 3606 sed
1029 3544 1217 3624 proculebus
1249 3543 1278 3605 ei
1300 3532 1464 3602 excesserit,
1533 3529 1540 3626 J

321 3631 353 3686 et
381 3644 451 3686 curn
479 3624 674 3698 interficerit,
705 3644 813 3687 coram
843 3626 972 3689 testibus
994 3628 1027 3687 in
1049 3628 1225 3708 quadruvio
1248 3630 1280 3689 in
1303 3623 1380 3686 clida
1402 3632 1463 3678 eum
1538 3627 1539 3636 ¹

321 3708 428 3770 levare
450 3708 559 3780 dehet,
587 3716 619 3769 et
640 3709 686 3771 sic
707 3713 747 3774 40
771 3729 827 3771 seu
849 3711 1097 3789 quattuordecim
1121 3718 1231 3772 noctes
1254 3706 1418 3774 custodire,
1439 3705 1465 3789 ct

320 3800 394 3853 tunc
415 3800 487 3853 ante
508 3791 640 3853 iudicem
659 3792 692 3852 in
707 3794 808 3855 araho
825 3793 976 3866 coniuret,
991 3795 1076 3874 quod
1092 3815 1162 3856 euni
1179 3796 1219 3856 de
1234 3795 1298 3856 vitu
1313 3789 1464 3853 forfactum

320 3876 540 3939 interfecisset.
583 3876 636 3937 Sin
667 3881 771 3938 autern
799 3878 859 3939 ista
883 3897 944 3939 non
969 3878 1196 3958 adimpleverit,
1225 3873 1382 3940 homicidii
1404 3866 1465 3932 cui·

321 3960 433 4041 pabilis
453 3960 617 4022 iudicetur.
660 3963 721 4022 Aut
743 3961 769 4022 si
791 3961 962 4044 negaverit,
984 3981 1052 4023 curn
1075 3962 1212 4045 legitimo
1234 3978 1364 4024 numero
1385 3955 1464 4020 iuret,
1502 4021 1504 4024 ,

322 4045 406 4125 quod
430 4046 491 4107 hoc
514 4063 577 4106 non
600 4043 734 4107 fecisset.

835 4128 965 4191 LXXX.

510 4231 562 4291 De
586 4250 631 4292 eo
655 4231 717 4312 qui
740 4232 869 4292 furem
890 4233 928 4293 in
952 4233 1064 4293 domo
1088 4231 1295 4313 reciperit.

427 4331 459 4392 Si
490 4332 557 4414 quis
588 4333 688 4394 furem
720 4335 750 4394 in
782 4333 877 4394 dorno
905 4334 1057 4414 reciperit,
1088 4332 1137 4394 vel
1167 4334 1195 4395 ei
1222 4330 1390 4413 hospitium
1417 4337 1465 4414 seu

323 4416 437 4476 victum
464 4417 665 4496 praestiterit,
695 4417 769 4478 dum
792 4435 843 4478 res
867 4417 985 4478 alienas
1007 4419 1130 4479 furatus
1151 4417 1253 4489 fuerit,
1281 4417 1348 4496 ipse
1369 4403 1466 4471 similis
