3104 5240
719 519 796 579 LEX
814 521 1000 580 alaudam.

758 717 781 771 a
799 717 901 772 cono.
920 698 959 772 Α.

824 836 902 910 Xll.

384 962 415 1029 1.
444 954 484 1028 Si
511 953 595 1052 quis
619 955 804 1030 feminam
829 956 1044 1030 Ribuariam
1070 953 1318 1050 interficerit,
1347 965 1460 1052 post·

279 1057 526 1154 quamparire
543 1055 697 1154 ceperit,
722 1081 841 1154 usque
858 1059 901 1130 ad
920 1057 1275 1157 quadraginsimum
1290 1080 1457 1152 annum⁷

177 1192 200 1233 r·
216 1160 364 1331 212(le
380 1157 542 1332 {illidit
558 1157 758 1254 culpabilis
795 1158 992 1233 iudicetur.
1047 1161 1121 1233 Aut
1159 1157 1191 1232 si
1227 1155 1457 1256 negaverit,

378 1377 414 1450 2.
449 1377 494 1449 Et
513 1377 741 1474 ubicumque
760 1378 927 1451 sexcenti
947 1377 1060 1451 solidi
1087 1378 1285 1472 accedunt,
1318 1376 1353 1450 si
1383 1378 1458 1451 ille

277 1478 392 1551 homo
417 1502 561 1577 pauper
582 1478 708 1575 fuerit⁷
729 1489 769 1552 ut
794 1478 949 1552 insimul
968 1479 1115 1553 solvere
1134 1502 1208 1551 non
1223 1477 1362 1576 possit,
1383 1504 1460 1577 per

278 1590 355 1653 tres
375 1578 620 1654 decessiones
640 1578 807 1653 filiorum
827 1579 961 1653 solvat.

811 1733 903 1808 Xlll.

379 1855 418 1930 Si
446 1854 530 1952 quis
557 1853 726 1951 puellam
751 1853 970 1927 Ribuariam
993 1850 1228 1948 interficerit,
1257 1854 1336 1928 200
1360 1853 1459 1928 soli·

279 1957 350 2069 dos
372 1954 582 2054 ‚culpabilis
615 1953 812 2028 iudicetur.
849 1958 923 2028 Aut
954 1953 986 2028 si
1019 1953 1240 2052 negaverit,
1274 1980 1368 2028 cum
1408 1961 1457 2031 12

279 2067 380 2130 rurrt.

812 2153 899 2227 XIV.

383 2282 413 2351 1.
442 2275 481 2350 Si
498 2273 582 2372 quis
596 2272 777 2346 feminam
796 2274 944 2372 regiam
964 2284 1028 2346 aut
1049 2273 1363 2348 ecclesiasticam
1384 2301 1459 2373 pa-

278 2378 440 2453 rientem
467 2373 709 2466 interficerit,
737 2372 919 2448 tricentos
948 2374 1091 2449 solidus
1119 2375 1327 2474 culpabilis
1356 2376 1461 2450 iudi·

280 2491 397 2573 cetur,
417 2487 481 2551 aut
501 2500 586 2549 cum
608 2476 656 2550 36
676 2473 777 2548 iurit.

770 2746 910 2800 ooooo.
931 2731 973 2800 Β.

829 2862 895 2925 Xll.

582 2967 635 3025 De
657 2963 892 3028 homicidiis
915 2966 1135 3028 mulierum.

387 3071 414 3135 l.
438 3067 469 3130 Si
493 3065 585 3152 [quis]
601 3066 750 3128 feminam
767 3066 945 3129 Ribuariam
962 3069 1156 3143 interficerit,
1177 3080 1357 3154 postquam
1374 3095 1464 3156 par-

157 3173 198 3233 *p
215 3155 376 3221 217.turire
398 3152 553 3233 caeperit,
584 3151 704 3231 ‘usque
727 3151 767 3211 ad
791 3152 1065 3232 quadragesimum
1090 3173 1219 3235 annum,
1248 3160 1317 3224 600
1343 3159 1462 3221 solidis

279 3238 441 3319 culpabilis
464 3235 627 3297 iudicetur.
679 3235 741 3295 Aut
762 3234 788 3294 si
812 3237 984 3316 negaverit,
1013 3256 1084 3297 cum
1107 3242 1148 3304 72
1171 3239 1265 3302 iuret.
1312 3242 1354 3304 Et
1378 3245 1461 3305 ubi·
1535 3279 1540 3286 ·

278 3358 411 3421 cumque
434 3340 497 3405 600
520 3336 612 3398 solidi
635 3336 797 3407 accedunt,
820 3321 934 3393 simili
955 3324 1068 3396 modo
1090 3348 1176 3397 cum
1196 3329 1246 3402 72
1267 3327 1383 3403 iuret.

383 3445 414 3507 2.
445 3441 477 3501 Si
504 3440 556 3500 illo
585 3438 684 3500 homo
715 3455 836 3518 pauper
864 3437 973 3510 suerit,
1004 3447 1038 3500 ut
1064 3439 1192 3503 insimul
1223 3445 1359 3509 solvere
1392 3467 1462 3509 non

279 3526 389 3606 possit,
411 3543 469 3605 por
492 3533 555 3584 tres
581 3521 781 3583 decessiones
803 3520 940 3581 filiorum
963 3523 1075 3585 solvat.

822 3659 902 3720 Xlll.

567 3761 621 3821 De
643 3759 884 3822 homicidiis
907 3764 1154 3842 puellarum.

384 3865 415 3926 Si
439 3864 507 3945 quis
530 3864 666 3943 puellam
682 3862 871 3960 'Ribuariam
896 3864 1089 3939 interficerit,
1113 3870 1176 3935 200
1198 3871 1314 3936 solidis
1340 3877 1466 3958 culpa·
1548 3893 1549 3898 ’

279 3948 349 4011 bilis
371 3948 535 4009 iudicetur.
580 3948 641 4007 Aut
663 3966 688 4008 s1
711 3956 880 4028 negaverit,
904 3968 971 4009 cum
998 3952 1037 4015 12
1058 3951 1149 4013 iuret.

821 4085 901 4147 XlV.

570 4189 622 4248 De
647 4186 818 4248 muliere
841 4188 1144 4254 ecclesiastica.

386 4296 413 4358 1.
436 4291 467 4352 Si
490 4290 558 4371 quis
581 4289 731 4350 feminam
760 4289 879 4369 regiam
911 4296 964 4351 aut
995 4293 1246 4358 ecclesiasticam
1269 4300 1468 4380 parientem

278 4375 473 4447 interficerit,
496 4377 559 4441 300
581 4373 690 4434 solidis
715 4372 876 4452 culpabilis
898 4373 1061 4450 iudicetur,
1084 4387 1138 4440 aut
1161 4400 1233 4442 oum
1259 4386 1302 4450 36
1326 4384 1429 4450 iuret.
