3110 5232
666 413 744 470 LEX
762 412 948 470 utuuuuta.

704 609 729 664 n
747 607 850 664 cuno.
868 589 909 663 Α.

748 728 868 801 LXVI.

332 856 364 921 1.
408 847 447 922 Si
476 846 561 945 quis
577 846 778 920 Ribuarius
805 858 1084 921 sacramentum
1107 846 1221 921 fidem
1240 848 1387 942 fecerit,

227 973 340 1047 super
374 951 419 1022 14
454 947 576 1022 noctis
613 948 684 1022 sibi
720 948 904 1046 septimus
938 949 1000 1021 vel
1035 949 1281 1023 duodecimus
1325 952 1386 1024 veI

228 1049 547 1149 septuagisimum
565 1051 730 1122 secundo
748 1073 833 1122 curn
849 1048 1023 1147 legitimo
1038 1049 1200 1124 termino
1216 1051 1386 1124 noctium

228 1151 369 1225 studiat
401 1150 610 1227 coniurare.
663 1148 703 1223 Si
745 1161 871 1223 autem
910 1149 1102 1224 contentio
1140 1163 1221 1225 orta
1258 1153 1386 1249 fuerit,

229 1255 329 1350 quod
361 1261 643 1326 sacramentum
674 1250 800 1325 indie
831 1250 994 1349 placitus
1022 1251 1269 1349 coniurasset,
1297 1264 1387 1326 tunc

229 1377 316 1428 cum
342 1352 461 1426 tercia
487 1364 596 1449 parte
622 1351 799 1425 iuratoris
818 1352 876 1426 sui
904 1349 1104 1426 adfirmare
1131 1354 1292 1448 studiat,
1320 1354 1387 1427 aIi-

228 1478 323 1551 quos
349 1479 370 1527 a
400 1453 539 1527 dextris
563 1453 691 1549 [seua
718 1452 920 1549 senextris]
940 1453 1135 1528 stantibus.
1171 1453 1240 1526 Sin
1258 1466 1386 1529 autem

227 1579 298 1628 nec
321 1554 376 1629 sic
398 1553 646 1648 satisfecerit,
682 1563 771 1626 tunc
805 1555 1015 1628 secundum
1045 1556 1259 1652 praesentia
1293 1555 1386 1630 iudi·

229 1655 283 1730 cis
315 1657 376 1730 veI
412 1657 619 1730 secundum
654 1655 963 1730 terminationem
1000 1667 1146 1729 sextam
1178 1656 1387 1731 iuratorum

227 1781 380 1830 suorum
410 1781 496 1830 oum
524 1757 680 1831 dextera
706 1767 851 1830 armata
877 1767 955 1829 tam
982 1757 1108 1853 priore
1128 1782 1241 1854 quam
1259 1769 1387 1855 poste·

227 1857 327 1931 riore
346 1868 624 1930 sacramentum
642 1856 679 1928 in
695 1857 909 1954 praesentia
924 1856 1059 1932 iudicis
1074 1855 1299 1933 confirmare
1312 1870 1387 1932 stu-

229 1957 318 2032 diat.
363 1958 470 2045 Quod
491 1957 522 2030 si
551 1956 675 2031 verbis
699 1982 774 2030 non
793 1957 954 2033 dixerint
964 1955 993 2052 *,
1020 1983 1133 2033 omne
1151 1959 1386 2058 repeticione

229 2082 314 2131 cum
341 2057 438 2156 Iegis
464 2056 690 2132 beneficium
710 2058 853 2134 studiat
870 2059 1092 2154 reformare,
1121 2071 1159 2135 et
1186 2063 1387 2160 unusquis-

229 2184 300 2258 que
329 2161 375 2233 de
403 2159 630 2233 iuratoribus
661 2159 705 2234 15
728 2159 872 2234 solidos
893 2159 1092 2260 culpabilis
1110 2161 1306 2235 iudicetur.
1344 2161 1385 2235 Si

229 2272 356 2335 autem
376 2259 551 2357 dixerint,
571 2258 753 2334 iudicium
773 2261 967 2358 accipiant.

324 2378 350 2461 *I
374 2377 525 2440 direxerit
545 2379 660 2444 8-11.

328 2505 362 2577 2.
408 2500 449 2575 Si
475 2511 601 2574 autem
627 2499 771 2599 regiuS,
798 2500 989 2574 Romanus
1016 2511 1081 2574 aut
1108 2501 1387 2577 ecclesiasticus

662 2896 671 2914 ,
713 2829 858 2885 rcouu.
878 2812 921 2884 B.

739 2946 875 3010 LXVIII.

633 3050 685 3110 De
708 3059 978 3113 sacramento.

335 3155 362 3218 t.
407 3150 542 3232 Siquis
574 3151 739 3213 Ribuarius
772 3162 970 3215 sacramento
1002 3151 1099 3213 fidem
1132 3152 1257 3226 fecerit,
1290 3173 1386 3234 super

228 3235 477 3318 quattuordecim
504 3243 613 3298 noctes
640 3235 698 3296 sibi
721 3236 872 3314 septimus
895 3256 951 3298 seu
973 3236 1177 3299 duodecimus
1199 3237 1249 3298 veI
1271 3246 1385 3319 scptu-

229 3320 377 3402 agisimus
400 3322 555 3382 secundus
579 3339 649 3381 cum
671 3319 809 3398 legitimo
839 3321 973 3382 termino
996 3320 1133 3384 noctium
1156 3322 1281 3383 studeat
1304 3341 1384 3384 cou-

227 3405 341 3467 iurare.
385 3404 417 3465 Si
440 3413 545 3466 autern
569 3404 726 3486 contentio
749 3410 821 3465 orta
842 3404 945 3479 suerit,
975 3404 1060 3486 quod
1089 3410 1323 3467 sacramentum
1352 3405 1383 3466 iu

228 3488 279 3549 ue
306 3487 423 3568 placito
450 3508 513 3549 nou
543 3487 749 3560 coniurasset,
779 3497 854 3549 tunc
879 3508 948 3549 cum
975 3489 1068 3551 tertia
1097 3499 1189 3569 parte
1208 3489 1383 3551 iuratorum

227 3590 358 3634 suorum
388 3571 558 3634 adfirmare
587 3573 722 3646 studeat,
752 3571 905 3653 aliquibus
935 3593 954 3635 a
984 3572 1103 3634 dextris
1131 3593 1187 3634 seu
1210 3592 1228 3636 a
1251 3573 1382 3636 sinistris

226 3655 389 3717 stantibus.
427 3655 480 3717 Sin
504 3664 608 3719 autern
631 3675 689 3717 nec
709 3656 755 3718 sic
776 3655 972 3730 satisfecerit,
994 3663 1069 3718 tunc
1090 3659 1260 3719 secundum
1283 3676 1383 3739 prae-

226 3739 360 3804 sentiam
387 3738 498 3802 iudicis
526 3740 576 3800 vel
598 3740 768 3802 secundum
794 3740 1044 3803 terminationem
1067 3747 1188 3803 sextam
1209 3743 1382 3805 iuratorum

225 3842 353 3887 suorum
384 3843 453 3886 cum
480 3825 610 3886 dextera
633 3830 755 3887 armata
776 3832 841 3886 tam
864 3824 952 3905 prius
973 3845 1068 3906 quam
1089 3825 1248 3905 posterius
1270 3845 1384 3889 sacra-

226 3919 364 3972 mentum
387 3908 418 3970 iu
440 3909 620 3990 praesentia
641 3908 750 3970 iudicis
772 3907 961 3970 confirmare
984 3912 1118 3971 studeat.
1150 3909 1243 3984 Quod
1264 3912 1290 3972 si
1308 3930 1382 3972 ver-

225 3994 272 4057 bis
301 4013 363 4057 non
393 3995 604 4076 direxerIt,
632 4012 759 4054 omnem
789 3993 1011 4074 repetitionem
1035 4012 1104 4054 cum
1127 3993 1204 4077 Iegis
1227 3994 1381 4057 beneficio

225 4081 350 4141 studeat
378 4079 568 4150 reformare,
606 4084 637 4140 et
664 4077 878 4158 unusquisque
908 4077 948 4139 de
976 4077 1166 4140 iuratoribus
1202 4081 1239 4143 15
1272 4078 1382 4141 solidis

225 4162 386 4244 culpabilis
416 4163 581 4224 iudicetur.
626 4162 657 4223 Si
688 4169 792 4225 autem
825 4161 1102 4236 contradixerint,
1126 4161 1272 4224 iudicium
1297 4163 1382 4224 acci-

223 4247 321 4328 piant.

329 4371 360 4434 2.
405 4368 437 4431 Si
467 4374 571 4430 autem
602 4367 720 4449 regius,
749 4369 909 4430 Romanus
938 4372 994 4429 aut
1022 4347 1250 4429 ecclesiasticus
1280 4366 1382 4429 taliter
