3090 5258
268 433 307 486 28
696 430 769 486 LEX
788 430 974 487 RIBUARiA.

271 607 430 685 ariorum,
453 605 765 688 Baioariorumque,
795 626 878 688 quaa
900 614 1026 685 nocant,
1056 628 1078 669 a
1101 606 1299 671 Theoderico
1319 629 1393 693 repe

269 689 475 753 Francorum
495 687 594 769 iotae,
616 688 690 752 item
704 685 968 752 Alamannorum
988 688 1084 775 tepeo,
1107 713 1128 752 a
1143 689 1304 756 Lothario
1319 714 1392 778 repe

269 773 367 852 latae,
389 794 479 837 nunc
497 774 645 856 primum
658 773 826 836 oetnetatie
841 793 917 857 erpo
939 793 1089 852 enauaae,
1112 772 1279 854 Basileon
1303 798 1392 839 anno

272 857 364 938 1530,
380 865 501 920 tentum
516 855 599 943 hepir
613 854 840 921 Riboariorum
855 855 968 936 edidit,
991 857 1028 919 in
1050 856 1093 921 60
1110 857 1221 922 titrdor
1237 859 1392 924 divinum.

269 939 424 1026 Sinpuiir
452 940 556 1004 caute
585 940 739 1004 rubricae
761 941 828 1003 eive
849 941 980 1003 numeri
997 941 1242 1038 proeflpuntur.
1288 943 1392 1006 Iader

268 1024 479 1090 rubricarum
493 1024 590 1105 deert,
612 1047 685 1088 cam
700 1045 721 1085 a
736 1022 902 1087 Sichardo
923 1021 1087 1087 titulorum
1103 1023 1202 1088 ludex
1224 1025 1393 1109 confectae

269 1110 322 1190 rit,
344 1109 404 1193 qui
423 1107 577 1173 rubricae
597 1118 664 1172 tam
685 1105 767 1192 lepis
781 1107 966 1171 Rihuariae
1009 1131 1087 1172 uam
1107 1107 1214 1195 heyam
1228 1108 1390 1174 Alaman-

268 1215 389 1258 norum
425 1201 521 1277 atque
549 1194 813 1258 Baiuoariorum
851 1131 1110 1274 comprehendat.
1163 1192 1196 1256 A
1224 1192 1392 1259 Sichardo

268 1277 372 1341 mahta
393 1277 432 1340 in
453 1276 596 1342 editione
617 1276 700 1363 lepis
723 1275 769 1340 ad
791 1275 966 1340 arbitrium
980 1284 1107 1340 mutata
1121 1298 1198 1357 enee,
1218 1299 1285 1362 pro
1308 1286 1391 1342 certo

269 1360 387 1425 hahere
413 1381 602 1444 porrumue.
655 1359 842 1424 Sermonem
873 1359 1030 1424 Latinam
1069 1363 1204 1444 saepius
1237 1362 1391 1441 corrcnit,

268 1466 359 1510 roceo
372 1444 536 1508 barbarae
556 1445 672 1508 omisit.
715 1444 758 1507 In
779 1442 873 1507 eredo
888 1443 931 1507 34
952 1449 1044 1526 (tent.
1059 1443 1120 1525 Β),
1142 1468 1169 1508 c.
1184 1445 1215 1509 3.
1251 1445 1390 1510 Sichar-

268 1530 332 1594 due
359 1529 428 1593 scri
452 1530 514 1593 rit:
544 1525 631 1613 quod
660 1549 733 1592 eum
763 1525 965 1590 admonuerit
993 1526 1098 1608 (ioco:
1128 1526 1215 1613 quod
1244 1549 1320 1592 eum
1349 1527 1391 1591 ad

267 1611 411 1678 strudem
421 1550 604 1697 iigitimam
619 1609 826 1674 admallatum
841 1608 966 1690 habet).
1002 1609 1238 1676 Transiendnm
1254 1611 1390 1678 Sichar·

268 1698 332 1762 dur
361 1697 504 1761 correnit
532 1699 569 1760 in
598 1693 831 1758 transeundum
860 1697 927 1776 (tit.
949 1693 1000 1757 45.
1023 1703 1098 1759 tent.
1121 1696 1181 1777 Β).
1222 1696 1391 1760 Rubrieae

268 1779 308 1845 de
331 1781 476 1844 mannire
498 1781 563 1861 (tit.
585 1778 636 1842 34.
658 1787 733 1841 teat.
755 1777 815 1857 B),
837 1775 878 1840 de
900 1777 1064 1841 intertiare
1086 1782 1151 1861 (tit.
1173 1777 1244 1861 35),
1274 1779 1315 1844 de
1336 1777 1390 1843 ad·

266 1861 406 1929 intimire
429 1863 494 1944 (tit.
510 1862 569 1940 51)
593 1884 615 1923 a
629 1858 795 1924 Sinhorio
810 1869 954 1923 mutatae
977 1869 1063 1941 eunt,
1087 1861 1165 1927 dum
1187 1864 1328 1928 ecmhat:
1350 1862 1390 1927 de

266 1945 474 2026 mannitione,
497 1943 536 2008 de
550 1943 777 2016 intertiatione,
800 1941 840 2006 de
854 1941 1111 2026 adfatimntione3
1135 1950 1277 2032 quaein
1299 1946 1391 2011 nulio

267 2029 375 2097 codice
404 2029 631 2094 inveniantur.
683 2027 777 2091 Voces
805 2023 858 2090 vel
886 2024 1033 2090 adfatimi
1062 2031 1127 2110 (tit.
1150 2031 1202 2095 50.
1230 2040 1308 2094 teat.
1329 2031 1390 2110 Β),

266 2133 341 2180 oum
370 2108 532 2175 heriraida
553 2113 626 2258 A§tit
648 2109 699 2174 66.
727 2118 800 2174 teat.
824 2110 884 2190 Β),
914 2111 954 2174 de
983 2112 1221 2177 cinewerdunia
1247 2118 1315 2198 (tit.
1339 2114 1389 2195 74,

266 2221 293 2264 c.
309 2195 338 2262 6.
354 2203 428 2259 tent.
443 2194 492 2274 Β)
517 2217 538 2257 a
581 2193 718 2258 ichardo
741 2194 941 2264 omittuntur.
986 2195 1128 2262 [litorium
1143 2197 1184 2262 73
1199 2205 1216 2279 (
1216 2207 1325 2263 tentae
1339 2199 1388 2279 Β)

266 2278 306 2344 de
328 2277 443 2342 fistuca
462 2277 695 2342 intercurrente
721 2278 886 2363 intepram
912 2279 1022 2342 omieit
1049 2276 1245 2346 Sichardur.
1294 2280 1389 2356 Quod

266 2383 333 2428 non
360 2362 462 2426 aliam
490 2359 527 2424 ob
550 2381 684 2425 caueam
706 2362 789 2424 mihi
799 2361 934 2446 factum
955 2383 1021 2426 eene
1041 2364 1181 2445 videtur,
1211 2367 1281 2430 nisi
1302 2366 1389 2452 quod

266 2445 452 2513 dichordue
479 2441 609 2508 titutum
642 2442 735 2509 iilum
765 2467 832 2510 non
859 2443 1065 2512 intelienerit.
1107 2449 1208 2513 'Haec
1237 2447 1387 2533 cntempla

265 2527 446 2630 sufficiant.
490 2527 598 2591 Multa
626 2530 724 2592 etiam
752 2531 789 2592 in
819 2527 923 2593 tituhie
950 2529 1000 2594 77.
1024 2529 1074 2595 79.
1097 2531 1136 2595 81
1171 2539 1264 2614 (teat.
1287 2535 1337 2614 Β)
1366 2556 1388 2595 a

265 2611 429 2680 Srchardo
459 2619 526 2674 tam
556 2612 675 2676 omino
702 2635 801 2696 quarn
821 2621 947 2677 mutata
969 2624 1055 2678 eunt.
1101 2615 1229 2680 Tituhur
1250 2618 1387 2682 nitimur

265 2695 333 2780 (91.
349 2702 454 2758 teretur
469 2693 518 2775 B)
542 2694 636 2780 apud
655 2694 857 2760 Sichardum
878 2698 972 2760 decet.
1023 2699 1137 2764 Utrum
1158 2701 1281 2766 divisio
1304 2701 1387 2787 ieqio

264 2780 301 2844 in
324 2779 366 2842 60
387 2777 508 2858 titulos,
536 2799 635 2862 quam
658 2777 845 2842 Sichardue
873 2780 966 2845 hahet
988 2804 1136 2868 quaeque
1160 2786 1197 2850 in
1220 2785 1313 2849 nullo
1336 2805 1386 2849 co·

263 2861 528 2941 diminuendam
552 2883 573 2924 a
588 2859 753 2926 Sichardo
767 2865 913 2943 invento,
936 2887 982 2928 an
1004 2887 1044 2929 en
1065 2867 1174 2931 codice
1189 2869 1386 2953 deprompta

263 2947 315 3026 ra,
343 2947 381 3008 in
410 2944 511 3008 dubio
538 2943 698 3030 relinquo.
741 2946 909 3011 Rubricae
935 2951 1069 3033 saepiae
1098 2973 1120 3014 n
1142 2950 1309 3016 Sichardo
1341 2952 1387 3016 ad

264 3027 437 3094 arbitrium
468 3031 663 3111 compositae
695 3051 760 3094 erse
790 3031 952 3111 videntur,
984 3033 1083 3098 ueluti
1115 3057 1188 3098 cum
1221 3036 1316 3100 tituto
1345 3035 1384 3099 77

263 3117 356 3197 (tent.
372 3111 421 3192 Β)
445 3133 467 3173 a
481 3110 645 3177 Sichardo
660 3114 796 3177 rubrica
811 3115 1032 3180 inscribatur:
1054 3115 1095 3182 de
1110 3117 1258 3203 reprobis
1281 3120 1385 3203 (icem

262 3194 302 3261 de
324 3215 359 3258 re
381 3194 530 3279 propriso
550 3194 600 3259 vel
624 3201 762 3279 secuta),
790 3198 838 3262 eei
859 3199 952 3266 titulo
974 3199 1015 3264 82
1044 3207 1136 3285 (teret.
1157 3203 1191 3265 Β
1191 3207 1228 3282 ).·
1257 3202 1298 3266 de
1320 3214 1384 3268 tur-

261 3279 337 3346 bato
353 3299 371 3342 e
385 3278 439 3341 via
461 3279 563 3361 (iocos
586 3277 626 3344 de
641 3282 713 3345 vine
727 3280 833 3346 lecina
832 3287 860 3365 ).
907 3282 998 3358 Quae
1013 3309 1087 3350 cum
1101 3287 1152 3352 ita
1171 3288 1248 3366 eint,
1266 3309 1384 3372 pauca

261 3371 388 3428 tantum
417 3361 621 3428 eSichardo
649 3366 687 3428 in
713 3366 854 3432 editione
880 3378 996 3433 nostra
1023 3369 1192 3435 adnotavi.
1236 3369 1385 3457 Siqnaoi

262 3444 462 3512 Sichardum
482 3448 520 3510 in
543 3449 630 3512 notie
651 3447 784 3514 litteris:
810 3450 918 3516 Sich.

347 3528 386 3591 H
386 3528 496 3593 erohd
502 3553 549 3594 nr
570 3533 608 3596 in
623 3530 717 3613 iihro,
732 3556 833 3680 lquem
846 3535 1036 3620 inrcriprit:
1064 3535 1241 3623 Oripinum
1257 3561 1296 3602 ac
1311 3560 1382 3624 pcr-

260 3616 469 3679 manicarum
484 3615 719 3698 antiquitatum
744 3616 820 3699 ibri,
842 3619 997 3684 Baeiieae
1015 3619 1106 3701 1557,
1128 3622 1215 3686 inter
1235 3622 1403 3708 retiquae·

260 3697 344 3783 lepee
370 3696 601 3763 Barbarorum
627 3699 727 3785 iepem
756 3721 882 3786 quoque
908 3703 1095 3788 Ripuariam
1125 3727 1141 3768 e
1168 3705 1277 3771 codice
1304 3705 1380 3770 mt-

260 3781 354 3844 denei
368 3785 422 3860 (ut
436 3781 582 3861 uidetur)
604 3784 718 3850 edidit.
761 3786 867 3850 Inden
882 3785 1021 3852 Heroidi
1042 3787 1080 3850 91
1104 3788 1257 3854 rubricae
1279 3790 1381 3869 habet,

259 3874 288 3930 ct
315 3873 422 3928 teatue
450 3887 511 3949 quo
535 3888 575 3929 ne
601 3865 684 3954 inpie
714 3871 751 3933 in
783 3868 823 3932 91
851 3871 963 3935 tituior
991 3871 1163 3936 dividitur.
1221 3873 1382 3959 Conpruit

143 3969 150 3990 ·
157 3981 180 4024 p.
197 3969 247 4013 ror.
258 3948 358 4013 editio
387 3948 489 4013 *Hero
526 3950 587 4014 ino
615 3974 682 4017 non
711 3975 784 4018 cum
817 3956 889 4018 anti
910 3959 1003 4020 aiore
1035 3965 1123 4020 tenta
1156 3958 1262 4041 (quod
1283 3957 1380 4041 falco

252 4034 388 4117 putavit
401 4032 494 4095 Pertz
513 4033 552 4097 in
573 4034 707 4099 ‘Archiv
729 4038 787 4101 der
804 3976 1017 4124 Geeedechaft
1028 4039 1096 4123 fiir
1117 4039 1216 4104 ditere
1231 4043 1380 4105 deutsche

259 4113 565 4182 Gerchichtehunde’
586 4118 654 4202 VII,
671 4143 708 4205 p.
724 4120 814 4203 751),
836 4123 894 4185 red
907 4146 980 4187 cnm
994 4133 1083 4187 tenta
1099 4133 1207 4188 nostro
1222 4124 1265 4205 Β,
1287 4147 1379 4210 quem

257 4199 425 4285 ouhqatum
448 4199 617 4285 appellare
637 4225 822 4289 parcamur.
869 4203 1028 4279 Quamvis
1051 4206 1214 4272 Heroidur
1234 4208 1377 4292 plerum·

257 4305 319 4368 qne
341 4283 480 4349 codicem
502 4307 597 4349 enum
619 4297 746 4352 eeautue
773 4293 816 4353 sit
843 4296 924 4375 (quo
946 4289 1146 4355 Sithardam
1168 4290 1263 4377 ionpc
1283 4312 1377 4376 rupe·
