3090 5258
595 464 812 526 Pnssssmo.
1226 469 1265 522 ts,

148 655 220 706 nem
233 642 367 726 ‘repiam
389 639 428 704 de
443 641 754 707 manumissionibus
777 641 841 724 (tit.
863 639 914 704 57.
937 633 991 705 58.
1010 640 1061 705 61.
1083 638 1141 718 62)
1164 650 1261 726 atque

149 725 187 790 de
216 723 472 790 alienationibus
499 734 663 790 terrarum
693 726 756 808 (tit.
786 725 836 793 59.
866 723 917 803 60,
947 748 973 787 3.
1004 726 1051 805 1),
1079 745 1164 808 quae
1192 746 1268 792 uno,

147 818 254 874 tenore
281 810 471 872 continetur.
516 809 596 872 Tam
625 817 728 872 status
757 808 953 888 libertorum,
982 809 1121 892 quiunt
1143 830 1262 894 urepe

148 893 213 975 (tit.
234 891 294 973 57)
318 901 376 956 aut
397 891 436 955 ob
458 891 592 956 ecclesia
615 896 678 973 (tit.
700 892 760 972 58)
782 891 972 970 solemniter,
995 899 1053 954 aut
1075 914 1096 954 a
1113 892 1260 975 privatis

148 976 375 1062 quovismodo
398 977 462 1058 (tit.
485 976 535 1040 61.
557 974 616 1055 62)
638 977 923 1054 manumittuntur,
946 997 1044 1122 guam
1066 997 1147 1038 usus
1168 983 1198 1040 et
1211 976 1261 1038 vis

148 1068 243 1144 atque
270 1067 416 1142 potestas
448 1059 736 1123 instrumentorum
768 1059 834 1141 (tit.
866 1056 917 1138 59,
971 1057 1001 1137 Ο,
1033 1081 1059 1122 3.
1094 1058 1130 1138 1)
1164 1059 1260 1140 certis

146 1142 371 1206 sanctionibus
382 1151 576 1206 coercentur.
609 1143 748 1227 Repiam
760 1143 1015 1205 constitutionem
1025 1140 1128 1204 titulis
1140 1143 1261 1206 nostris

146 1227 317 1306 contineri,
340 1224 559 1309 compluribus
579 1225 659 1289 locis
681 1225 931 1304 demonstratur,
954 1223 1014 1308 cfr.
1038 1227 1085 1288 tit.
1104 1223 1155 1304 57,
1179 1225 1260 1288 3.1.·

145 1307 325 1374 nullatenus
354 1309 582 1392 permittimus3
611 1312 658 1373 tit.
681 1309 732 1389 57,
762 1334 789 1373 3.
810 1310 850 1372 4.·
879 1306 956 1370 fisco
983 1313 1108 1389 nostro,
1137 1308 1186 1371 tit.
1207 1307 1260 1388 58,

146 1416 171 1456 3.
197 1394 235 1456 1.·
257 1391 329 1456 Η33
350 1392 445 1456 etiam
466 1392 629 1474 iubemus3
660 1394 708 1456 tit.
729 1390 780 1472 58,
808 1417 834 1455 c.
857 1391 896 1455 2.·
922 1387 1076 1454 inlicitum
1098 1389 1259 1467 ducimus3

146 1477 195 1538 tit.
216 1475 267 1556 58,
290 1499 316 1539 3.
332 1475 369 1540 7.·
391 1476 473 1540 sicut
494 1477 640 1560 superius
663 1475 803 1540 scribere
825 1475 990 1556 iussimus3
1012 1476 1060 1537 tit.
1082 1474 1133 1554 58,
1154 1499 1180 1538 3.
1204 1474 1259 1538 19:

145 1557 218 1623 Hoc
239 1560 334 1622 etiem
357 1561 599 1642 constituemus3
626 1561 673 1623 tit.
696 1557 748 1639 59,
776 1584 801 1623 3.
824 1557 863 1622 l:
892 1556 989 1638 Quod
1016 1557 1056 1622 de
1083 1557 1259 1624 vinditione

146 1643 410 1727 conscripsimus,
447 1641 527 1707 haec
559 1651 592 1707 et
622 1642 663 1707 de
695 1641 865 1706 donatione
897 1641 1135 1708 constituemus.
1189 1641 1260 1704 Hoc

144 1734 253 1791 sutem
274 1726 518 1809 constituemue3
541 1727 587 1790 tit.
609 1727 661 1807 59,
684 1750 710 1790 3.
733 1726 772 1790 9:
794 1726 1017 1810 permittimus.

227 1810 278 1872 De
299 1818 357 1874 tem
385 1832 449 1892 ore,
477 1833 539 1895 quo
562 1810 747 1876 constitutio
769 1810 848 1874 baec
869 1811 964 1895 repia
985 1809 1055 1873 lata
1077 1809 1128 1889 sit,
1152 1807 1259 1894 plura
1356 1875 1361 1880 ,

147 1901 339 1979 arpumenta
357 1833 462 1958 liccem
483 1891 634 1977 offerunt.
1254 1899 1256 1902 ’
1295 1905 1297 1908 ’

231 1980 266 2056 1)
288 1977 382 2042 Plebs
403 1976 587 2043 libertorum
613 1980 650 2041 in
672 1999 829 2062 mapnum
851 1998 1018 2040 numerum
1040 1973 1155 2060 alueo,
1183 1998 1257 2040 con-

145 2060 342 2125 stitutionem
357 2063 483 2146 3393333
498 2060 617 2125 elicuit.
657 2061 898 2146 Anpustiarum
912 2060 1019 2145 ipitur
1035 2060 1259 2144 antiquiorum

144 2152 322 2229 temporum
343 2142 411 2208 loco
433 2144 619 2230 latifundia
640 2145 709 2208 iam
731 2153 803 2208 orta
824 2152 926 2207 mant.
973 2140 1065 2216 Quae
1080 2165 1131 2208 res
1144 2145 1183 2208 in
1197 2145 1257 2208 du·

144 2235 221 2289 catu
242 2227 405 2293 Ribuario
427 2251 494 2292 non
517 2237 592 2292 onte
613 2228 790 2293 secundam
806 2236 939 2312 partem
960 2225 1086 2291 soeculi
1106 2229 1191 2292 senti
1210 2229 1259 2291 oi·

144 2310 239 2374 detur
260 2313 410 2375 evenisse.

227 2393 266 2475 2)
291 2393 418 2474 Certae,
441 2393 558 2478 quibus
572 2395 705 2480 nepotia
726 2403 755 2458 et
774 2393 995 2478 perficiuntur
1016 2402 1045 2456 et
1061 2393 1259 2477 probantur,

145 2479 255 2541 eiure
276 2477 500 2542 Romanorum
528 2487 684 2561 receptae,
707 2499 904 2562 quamquam
931 2477 1000 2540 inm
1028 2480 1064 2542 in
1087 2500 1150 2541 usu
1171 2487 1259 2557 sunt,

136 2559 218 2644 fieri
238 2569 343 2624 tamen
362 2571 477 2645 potest,
499 2571 535 2626 ut
556 2570 656 2626 emtor
667 2561 776 2645 furrdi
798 2568 1022 2623 testamentum
1036 2561 1180 2644 accipere
1195 2579 1259 2622 non

144 2643 284 2729 potuerit
306 2645 370 2726 (tit.
393 2645 443 2724 60,
466 2670 493 2709 3.
517 2645 563 2726 1).
613 2645 697 2708 Usus
718 2653 886 2708 cartarum
907 2652 1095 2725 recensent,
1124 2644 1259 2709 ideone

145 2729 371 2794 constitutione
403 2730 498 2813 repia
529 2737 700 2792 coercetur.
761 2727 856 2800 Quod
886 2750 940 2792 ma
965 2728 994 2791 is
1024 2730 1062 2792 in
1095 2667 1259 2792 saeculbem

145 2820 271 2875 sentum
292 2833 390 2896 quam
411 2813 448 2874 in
465 2813 679 2895 posteriorem
701 2820 834 2876 aetatem
878 2834 922 2874 ua
949 2820 1011 2875 rat.

229 2895 266 2975 3)
289 2893 556 2960 Arebidicconus
577 2897 838 2979 compositionem
852 2834 1077 2959 blomanorum
1095 2896 1137 2977 (i.
1158 2917 1184 2959 e.
1207 2894 1257 2959 di-

143 2978 282 3041 midiam
308 2978 530 3060 Francorum)
559 2978 652 3043 solvit
680 2980 744 3062 (tit.
766 2980 817 3058 59,
847 3002 873 3042 3.
896 2980 944 3058 6).
990 2978 1146 3043 Constare
1175 2979 1260 3042 enim

144 3069 283 3145 tempore
305 3064 545 3127 constitutionis
567 3071 699 3127 nostrae
728 3063 866 3142 uidetur,
897 3062 1168 3127 archidiaconum
1192 3061 1258 3127 Ilo·

144 3167 278 3209 manum
300 3167 377 3225 esse,
404 3168 471 3209 non
491 3147 659 3209 ¹b'rancum
681 3144 760 3229 (cfr.
783 3148 831 3208 tit.
853 3146 904 3224 36,
932 3169 958 3211 c.
975 3146 1023 3226 5).
1076 3143 1173 3219 Quod
1192 3143 1259 3210 solo

145 3227 273 3292 saeculo
296 3237 383 3291 sento
398 3229 477 3310 fleri
492 3231 613 3312 potuit,
636 3252 708 3292 cum
721 3230 848 3293 Franci
862 3228 1023 3293 Ilibuarii
1045 3229 1090 3292 ad
1106 3229 1258 3292 cbristia-

145 3333 223 3459 333ἒ
244 3311 346 3394 fidem
374 3333 484 3377 recens
513 3313 676 3394 conversi,
708 3312 748 3375 ob
779 3311 911 3376 ecelesia
939 3310 1042 3374 alieni
1071 3311 1179 3375 adbuc
1209 3333 1262 3376 en·

143 3397 204 3458 iste
226 3405 294 3459 ant.
1121 3435 1123 3440 ν

228 3480 266 3559 4)
289 3479 340 3542 De
362 3477 546 3542 bominibus
568 3479 792 3544 ecclesiasticis
814 3480 880 3542 siue
902 3477 1089 3559 tabulariis,
1111 3479 1149 3542 id
1162 3487 1208 3543 est
1222 3478 1261 3542 de

144 3559 267 3626 libertis
296 3565 334 3627 in
364 3563 498 3626 ecclesia
526 3565 746 3644 manumissis,
775 3564 940 3647 imprimis
963 3563 1001 3626 de
1023 3562 1260 3642 iurisdictione,

145 3666 244 3730 quarn
266 3644 400 3710 ecclesia
425 3649 463 3712 in
484 3646 666 3711 tabularios
688 3656 819 3727 euercet,
849 3648 902 3710 ius
925 3649 1082 3710 statuitur
1104 3648 1169 3728 (tit.
1190 3645 1261 3726 58),

145 3729 233 3813 quod
259 3731 360 3794 aetati
383 3729 577 3796 Cbildeberti
597 3731 643 3793 ΙΙ.
671 3732 758 3815 repis
783 3729 979 3795 Austrasiae
1006 3736 1054 3813 (a.
1077 3729 1261 3810 575-596)

145 3833 328 3899 conpruum
343 3834 409 3878 esse
424 3814 562 3878 uidetur.
598 3814 709 3878 Datur
722 3815 808 3878 enim
823 3815 975 3878 ecclesiae
989 3813 1273 3878 mundeburdium

145 3897 274 3960 nonde
296 3897 443 3960 omnibus
463 3896 596 3977 libertis,
619 3898 676 3961 sed
698 3897 735 3962 de
758 3899 801 3962 iis
823 3907 960 3978 tantum,
991 3899 1106 3982 quiin
1128 3896 1263 3961 ecclesia

144 3981 340 4044 manumissi
361 3989 436 4044 sunt
449 3991 485 4045 ¹⁴.
528 3982 641 4045 Datur
655 3984 752 4045 etiam
767 3985 927 4066 episcopis
950 3981 1183 4059 iurisdictio¹³,
1205 3978 1263 4043 sed

148 4123 194 4189 14)
214 4121 312 4176 Contra
329 4124 497 4177 Oblotborius
510 4127 552 4178 ΙΙ.
573 4127 656 4178 edicto
676 4144 702 4177 a.
718 4129 780 4178 614.
799 4128 852 4178 37
872 4123 1053 4191 (Uopitulario
1070 4141 1161 4191 repum
1173 4123 1263 4176 Fran·
1315 4141 1316 4145 ’

146 4213 237 4248 corum
270 4198 354 4250 edidit
378 4197 411 4250 A.
437 4199 576 4263 Baretius,
604 4199 685 4266 Lepp.
709 4198 787 4251 sectio
808 4200 850 4262 11,
880 4206 940 4250 tom.
962 4201 985 4261 1,
1010 4215 1040 4263 p.
1062 4199 1109 4260 22)
1140 4196 1263 4249 eecleduc

146 4268 324 4336 defensionem
343 4272 459 4322 omnium
478 4271 631 4324 libertorum
649 4273 749 4335 tribuit,
775 4273 821 4336 qui
845 4280 922 4322 carta
939 4268 1154 4322 manumissionis
1168 4279 1262 4336 patro-

146 4342 214 4394 cinio
233 4345 357 4396 eeclesias
375 4343 476 4396 subditi
493 4355 569 4396 emit.-
587 4347 712 4398 Libertus
732 4348 924 4411 cuiuscumque
943 4346 1119 4409 ingenuorum
1139 4360 1155 4394 3
1173 4359 1263 4396 secer·

147 4415 261 4484 dotibus,
280 4419 355 4470 iuxta
373 4424 461 4470 textus
481 4425 613 4470 cartarum
632 4419 811 4485 ingenuitatis
830 4434 895 4471 sune
922 4419 1049 4482 contenit,
1075 4415 1262 4481 defensandos,
