<?xml version="1.0" encoding="UTF-8"?>
<!DOCTYPE html PUBLIC "-//W3C//DTD XHTML 1.0 Transitional//EN"
    "http://www.w3.org/TR/xhtml1/DTD/xhtml1-transitional.dtd">
<html xmlns="http://www.w3.org/1999/xhtml" xml:lang="en" lang="en">
 <head>
  <title>
</title>
<meta http-equiv="Content-Type" content="text/html;charset=utf-8" />
  <meta name='ocr-system' content='tesseract 3.04.00' />
  <meta name='ocr-capabilities' content='ocr_page ocr_carea ocr_par ocr_line ocrx_word'/>
</head>
<body>
  <div class='ocr_page' id='page_1' title='image "./lexribuariaetle00sohmgoog/lexribuariaetle00sohmgoog_0061.png"; bbox 0 0 3104 5240; ppageno 0'>
   <div class='ocr_carea' id='block_1_1' title="bbox 523 462 806 522">
    <p class='ocr_par' dir='ltr' id='par_1_1' title="bbox 523 462 806 522">
     <span class='ocr_line' id='line_1_1' title="bbox 523 462 806 522; baseline -0.007 0"><span class='ocrx_word' id='word_1_1' title='bbox 523 464 601 522; x_wconf 85' lang='lat' dir='ltr'>LEX</span> <span class='ocrx_word' id='word_1_2' title='bbox 619 462 806 522; x_wconf 67' lang='lat' dir='ltr'>muudum.</span> 
     </span>
    </p>
   </div>
   <div class='ocr_carea' id='block_1_2' title="bbox 567 641 769 716">
    <p class='ocr_par' dir='ltr' id='par_1_2' title="bbox 567 641 769 716">
     <span class='ocr_line' id='line_1_2' title="bbox 567 641 769 716; baseline 0 0"><span class='ocrx_word' id='word_1_3' title='bbox 567 662 589 716; x_wconf 82' lang='grc'>0</span> <span class='ocrx_word' id='word_1_4' title='bbox 608 661 710 715; x_wconf 79' lang='lat' dir='ltr'>cour.</span> <span class='ocrx_word' id='word_1_5' title='bbox 730 641 769 716; x_wconf 83' lang='lat' dir='ltr'>A.</span> 
     </span>
    </p>
   </div>
   <div class='ocr_carea' id='block_1_3' title="bbox 14 778 1247 1076">
    <p class='ocr_par' dir='ltr' id='par_1_3' title="bbox 14 778 1247 1076">
     <span class='ocr_line' id='line_1_3' title="bbox 188 778 1247 882; baseline 0 -28"><span class='ocrx_word' id='word_1_6' title='bbox 188 783 221 854; x_wconf 94' lang='grc'>2.</span> <span class='ocrx_word' id='word_1_7' title='bbox 250 779 357 869; x_wconf 83' lang='lat' dir='ltr'>Quod</span> <span class='ocrx_word' id='word_1_8' title='bbox 377 779 408 854; x_wconf 89' lang='lat' dir='ltr'>si</span> <span class='ocrx_word' id='word_1_9' title='bbox 429 782 596 879; x_wconf 81' lang='lat' dir='ltr'>puellam</span> <span class='ocrx_word' id='word_1_10' title='bbox 615 792 681 854; x_wconf 86' lang='lat' dir='ltr'>aut</span> <span class='ocrx_word' id='word_1_11' title='bbox 706 792 794 880; x_wconf 87' lang='lat' dir='ltr'><strong>post</strong></span> <span class='ocrx_word' id='word_1_12' title='bbox 819 778 959 878; x_wconf 79' lang='lat' dir='ltr'>quam*</span> <span class='ocrx_word' id='word_1_13' title='bbox 984 781 1247 882; x_wconf 82' lang='lat' dir='ltr'>quadragiusi·</span> 
     </span>
     <span class='ocr_line' id='line_1_4' title="bbox 14 879 1247 981; baseline 0.002 -27"><span class='ocrx_word' id='word_1_14' title='bbox 14 911 15 920; x_wconf 49' lang='lat'>2</span> <span class='ocrx_word' id='word_1_15' title='bbox 94 905 189 954; x_wconf 87' lang='lat' dir='ltr'>mum</span> <span class='ocrx_word' id='word_1_16' title='bbox 214 905 354 955; x_wconf 85' lang='lat' dir='ltr'>aunum</span> <span class='ocrx_word' id='word_1_17' title='bbox 379 881 620 976; x_wconf 76' lang='lat' dir='ltr'>interficerit,</span> <span class='ocrx_word' id='word_1_18' title='bbox 648 885 723 957; x_wconf 95' lang='grc'>200</span> <span class='ocrx_word' id='word_1_19' title='bbox 751 881 895 956; x_wconf 87' lang='lat' dir='ltr'>solidos</span> <span class='ocrx_word' id='word_1_20' title='bbox 922 879 1122 981; x_wconf 78' lang='lat' dir='ltr'>culpabilis</span> <span class='ocrx_word' id='word_1_21' title='bbox 1150 884 1247 957; x_wconf 91' lang='lat' dir='ltr'>iudi·</span> 
     </span>
     <span class='ocr_line' id='line_1_5' title="bbox 95 983 583 1076; baseline 0.002 -22"><span class='ocrx_word' id='word_1_22' title='bbox 95 993 204 1076; x_wconf 77' lang='lat' dir='ltr'>cetur⁷</span> <span class='ocrx_word' id='word_1_23' title='bbox 224 993 289 1055; x_wconf 88' lang='lat' dir='ltr'>aut</span> <span class='ocrx_word' id='word_1_24' title='bbox 308 1007 394 1056; x_wconf 86' lang='lat' dir='ltr'>curn</span> <span class='ocrx_word' id='word_1_25' title='bbox 418 987 462 1059; x_wconf 86' lang='grc'>12</span> <span class='ocrx_word' id='word_1_26' title='bbox 483 983 583 1058; x_wconf 87' lang='lat' dir='ltr'>iurit.</span> 
     </span>
    </p>
   </div>
   <div class='ocr_carea' id='block_1_4' title="bbox 189 1117 1245 1283">
    <p class='ocr_par' dir='ltr' id='par_1_4' title="bbox 189 1117 1245 1283">
     <span class='ocr_line' id='line_1_6' title="bbox 189 1117 1245 1201; baseline 0.009 -24"><span class='ocrx_word' id='word_1_27' title='bbox 189 1117 213 1201; x_wconf 59' lang='lat' dir='ltr'>*J</span> <span class='ocrx_word' id='word_1_28' title='bbox 237 1137 332 1199; x_wconf 86' lang='lat' dir='ltr'>quam</span> <span class='ocrx_word' id='word_1_29' title='bbox 355 1133 383 1182; x_wconf 78' lang='lat' dir='ltr'>in</span> <span class='ocrx_word' id='word_1_30' title='bbox 406 1131 465 1183; x_wconf 74' lang='lat' dir='ltr'>eolo</span> <span class='ocrx_word' id='word_1_31' title='bbox 489 1133 547 1183; x_wconf 84' lang='lat' dir='ltr'>cod.</span> <span class='ocrx_word' id='word_1_32' title='bbox 570 1129 581 1182; x_wconf 91' lang='lat' dir='ltr'>l</span> <span class='ocrx_word' id='word_1_33' title='bbox 604 1133 712 1200; x_wconf 61' lang='lat' dir='ltr'>loquum</span> <span class='ocrx_word' id='word_1_34' title='bbox 743 1144 797 1184; x_wconf 75' lang='lat' dir='ltr'>voc</span> <span class='ocrx_word' id='word_1_35' title='bbox 820 1124 877 1178; x_wconf 73' lang='lat' dir='ltr'>‘dut</span> <span class='ocrx_word' id='word_1_36' title='bbox 897 1136 925 1184; x_wconf 79' lang='lat' dir='ltr'><strong><em>m</em></strong></span> <span class='ocrx_word' id='word_1_37' title='bbox 950 1133 1036 1199; x_wconf 75' lang='lat' dir='ltr'>cupite</span> <span class='ocrx_word' id='word_1_38' title='bbox 1061 1136 1152 1185; x_wconf 74' lang='grc'>00000</span> <span class='ocrx_word' id='word_1_39' title='bbox 1177 1134 1245 1186; x_wconf 77' lang='lat' dir='ltr'>idem</span> 
     </span>
     <span class='ocr_line' id='line_1_7' title="bbox 233 1201 1207 1283; baseline 0 -16"><span class='ocrx_word' id='word_1_40' title='bbox 233 1211 366 1283; x_wconf 69' lang='lat' dir='ltr'>uym&#39;ficut</span> <span class='ocrx_word' id='word_1_41' title='bbox 383 1228 416 1264; x_wconf 82' lang='lat' dir='ltr'>ac</span> <span class='ocrx_word' id='word_1_42' title='bbox 435 1215 604 1280; x_wconf 63' lang='lat' dir='ltr'>discriptum</span> <span class='ocrx_word' id='word_1_43' title='bbox 623 1219 706 1266; x_wconf 77' lang='lat' dir='ltr'>esset:</span> <span class='ocrx_word' id='word_1_44' title='bbox 727 1201 759 1262; x_wconf 86' lang='lat' dir='ltr'>id</span> <span class='ocrx_word' id='word_1_45' title='bbox 776 1210 836 1278; x_wconf 81' lang='lat' dir='ltr'>es13</span> <span class='ocrx_word' id='word_1_46' title='bbox 859 1212 909 1281; x_wconf 80' lang='lat' dir='ltr'>cfr.</span> <span class='ocrx_word' id='word_1_47' title='bbox 929 1211 1002 1280; x_wconf 78' lang='lat' dir='ltr'>iufra</span> <span class='ocrx_word' id='word_1_48' title='bbox 1022 1215 1059 1266; x_wconf 79' lang='lat' dir='ltr'>ut.</span> <span class='ocrx_word' id='word_1_49' title='bbox 1079 1211 1123 1279; x_wconf 85' lang='lat'>31,</span> <span class='ocrx_word' id='word_1_50' title='bbox 1143 1229 1166 1266; x_wconf 89' lang='lat' dir='ltr'>c.</span> <span class='ocrx_word' id='word_1_51' title='bbox 1184 1211 1207 1267; x_wconf 91' lang='lat'>1.</span> 
     </span>
    </p>
   </div>
   <div class='ocr_carea' id='block_1_5' title="bbox 613 1358 684 1432">
    <p class='ocr_par' dir='ltr' id='par_1_5' title="bbox 613 1358 684 1432">
     <span class='ocr_line' id='line_1_8' title="bbox 613 1358 684 1432; baseline -0.028 0"><span class='ocrx_word' id='word_1_52' title='bbox 613 1358 684 1432; x_wconf 88' lang='lat' dir='ltr'>XV.</span> 
     </span>
    </p>
   </div>
   <div class='ocr_carea' id='block_1_6' title="bbox 14 1477 1244 1958">
    <p class='ocr_par' dir='ltr' id='par_1_6' title="bbox 14 1477 1244 1958">
     <span class='ocr_line' id='line_1_9' title="bbox 185 1477 1244 1578; baseline 0.001 -26"><span class='ocrx_word' id='word_1_53' title='bbox 185 1477 225 1552; x_wconf 90' lang='lat' dir='ltr'>Si</span> <span class='ocrx_word' id='word_1_54' title='bbox 242 1479 328 1578; x_wconf 91' lang='lat' dir='ltr'>quis</span> <span class='ocrx_word' id='word_1_55' title='bbox 347 1478 535 1576; x_wconf 86' lang='lat' dir='ltr'>ingenuus</span> <span class='ocrx_word' id='word_1_56' title='bbox 551 1478 759 1576; x_wconf 83' lang='lat' dir='ltr'>ingenuum</span> <span class='ocrx_word' id='word_1_57' title='bbox 773 1479 994 1552; x_wconf 84' lang='lat' dir='ltr'>Ribuarium</span> <span class='ocrx_word' id='word_1_58' title='bbox 1010 1478 1244 1576; x_wconf 69' lang='lat' dir='ltr'>interficerit,</span> 
     </span>
     <span class='ocr_line' id='line_1_10' title="bbox 93 1579 1244 1679; baseline -0.002 -25"><span class='ocrx_word' id='word_1_59' title='bbox 93 1590 126 1654; x_wconf 87' lang='lat' dir='ltr'>et</span> <span class='ocrx_word' id='word_1_60' title='bbox 158 1605 242 1654; x_wconf 88' lang='lat' dir='ltr'>eum</span> <span class='ocrx_word' id='word_1_61' title='bbox 279 1605 364 1653; x_wconf 88' lang='lat' dir='ltr'>cum</span> <span class='ocrx_word' id='word_1_62' title='bbox 396 1604 502 1653; x_wconf 80' lang='lat' dir='ltr'>ramo</span> <span class='ocrx_word' id='word_1_63' title='bbox 529 1590 595 1652; x_wconf 83' lang='lat' dir='ltr'>aut</span> <span class='ocrx_word' id='word_1_64' title='bbox 629 1579 738 1653; x_wconf 85' lang='lat' dir='ltr'>callis</span> <span class='ocrx_word' id='word_1_65' title='bbox 773 1582 834 1654; x_wconf 89' lang='lat' dir='ltr'>vel</span> <span class='ocrx_word' id='word_1_66' title='bbox 879 1581 916 1653; x_wconf 91' lang='lat' dir='ltr'>in</span> <span class='ocrx_word' id='word_1_67' title='bbox 951 1581 1064 1679; x_wconf 87' lang='lat' dir='ltr'>pucio</span> <span class='ocrx_word' id='word_1_68' title='bbox 1103 1606 1171 1655; x_wconf 91' lang='lat' dir='ltr'>seu</span> <span class='ocrx_word' id='word_1_69' title='bbox 1207 1581 1244 1653; x_wconf 88' lang='lat' dir='ltr'>in</span> 
     </span>
     <span class='ocr_line' id='line_1_11' title="bbox 14 1679 1243 1780; baseline 0 -26"><span class='ocrx_word' id='word_1_70' title='bbox 14 1697 15 1702; x_wconf 77' lang='grc'>’</span> <span class='ocrx_word' id='word_1_71' title='bbox 93 1704 182 1779; x_wconf 82' lang='lat' dir='ltr'>aqua</span> <span class='ocrx_word' id='word_1_72' title='bbox 228 1706 471 1780; x_wconf 87' lang='lat' dir='ltr'>quocumque</span> <span class='ocrx_word' id='word_1_73' title='bbox 507 1679 601 1754; x_wconf 89' lang='lat' dir='ltr'>libet</span> <span class='ocrx_word' id='word_1_74' title='bbox 635 1682 720 1754; x_wconf 89' lang='lat' dir='ltr'>loco</span> <span class='ocrx_word' id='word_1_75' title='bbox 760 1681 874 1756; x_wconf 85' lang='lat' dir='ltr'>celari</span> <span class='ocrx_word' id='word_1_76' title='bbox 921 1682 1103 1775; x_wconf 75' lang='lat' dir='ltr'>voluerit⁷</span> <span class='ocrx_word' id='word_1_77' title='bbox 1145 1683 1243 1780; x_wconf 88' lang='lat' dir='ltr'>quod</span> 
     </span>
     <span class='ocr_line' id='line_1_12' title="bbox 92 1781 1244 1882; baseline 0.003 -28"><span class='ocrx_word' id='word_1_78' title='bbox 92 1782 220 1856; x_wconf 88' lang='lat' dir='ltr'>dicitur</span> <span class='ocrx_word' id='word_1_79' title='bbox 254 1783 491 1877; x_wconf 69' lang='lat' dir='ltr'>mordridus,</span> <span class='ocrx_word' id='word_1_80' title='bbox 525 1785 599 1856; x_wconf 89' lang='lat'>600</span> <span class='ocrx_word' id='word_1_81' title='bbox 635 1781 780 1856; x_wconf 87' lang='lat' dir='ltr'>solidos</span> <span class='ocrx_word' id='word_1_82' title='bbox 813 1783 1011 1882; x_wconf 84' lang='lat' dir='ltr'>culpabilis</span> <span class='ocrx_word' id='word_1_83' title='bbox 1044 1783 1244 1878; x_wconf 74' lang='lat' dir='ltr'>iudicetur,</span> 
     </span>
     <span class='ocr_line' id='line_1_13' title="bbox 91 1883 441 1958; baseline -0.006 -2"><span class='ocrx_word' id='word_1_84' title='bbox 91 1895 149 1957; x_wconf 80' lang='lat' dir='ltr'>aut</span> <span class='ocrx_word' id='word_1_85' title='bbox 168 1909 252 1957; x_wconf 88' lang='lat' dir='ltr'>cum</span> <span class='ocrx_word' id='word_1_86' title='bbox 275 1888 324 1958; x_wconf 80' lang='lat'>70</span> <span class='ocrx_word' id='word_1_87' title='bbox 342 1883 441 1956; x_wconf 88' lang='lat' dir='ltr'>iurit.</span> 
     </span>
    </p>
   </div>
   <div class='ocr_carea' id='block_1_7' title="bbox 619 1984 1340 2073">
    <p class='ocr_par' dir='ltr' id='par_1_7' title="bbox 619 1984 1340 2073">
     <span class='ocr_line' id='line_1_14' title="bbox 619 1984 1340 2073; baseline -0.01 -17"><span class='ocrx_word' id='word_1_88' title='bbox 619 1984 709 2057; x_wconf 84' lang='lat' dir='ltr'><strong>XVl.</strong></span> <span class='ocrx_word' id='word_1_89' title='bbox 1171 2069 1174 2073; x_wconf 19' lang='lat'>⁵</span> <span class='ocrx_word' id='word_1_90' title='bbox 1250 2017 1273 2059; x_wconf 64' lang='grc' dir='ltr'>ρ.</span> <span class='ocrx_word' id='word_1_91' title='bbox 1291 1999 1340 2050; x_wconf 77' lang='lat' dir='ltr'>ue</span> 
     </span>
    </p>
   </div>
   <div class='ocr_carea' id='block_1_8' title="bbox 89 2103 1243 2608">
    <p class='ocr_par' dir='ltr' id='par_1_8' title="bbox 89 2103 1243 2608">
     <span class='ocr_line' id='line_1_15' title="bbox 181 2103 1242 2204; baseline 0.002 -27"><span class='ocrx_word' id='word_1_92' title='bbox 181 2103 219 2178; x_wconf 89' lang='lat' dir='ltr'>Si</span> <span class='ocrx_word' id='word_1_93' title='bbox 265 2103 350 2202; x_wconf 92' lang='lat' dir='ltr'>quis</span> <span class='ocrx_word' id='word_1_94' title='bbox 401 2104 588 2202; x_wconf 83' lang='lat' dir='ltr'>ingenuus</span> <span class='ocrx_word' id='word_1_95' title='bbox 628 2104 838 2204; x_wconf 83' lang='lat' dir='ltr'>ingenuum</span> <span class='ocrx_word' id='word_1_96' title='bbox 871 2104 1092 2178; x_wconf 84' lang='lat' dir='ltr'>Ribuarium</span> <span class='ocrx_word' id='word_1_97' title='bbox 1138 2117 1242 2179; x_wconf 80' lang='lat' dir='ltr'>extra</span> 
     </span>
     <span class='ocr_line' id='line_1_16' title="bbox 89 2203 1243 2305; baseline 0.004 -29"><span class='ocrx_word' id='word_1_98' title='bbox 89 2204 203 2276; x_wconf 87' lang='lat' dir='ltr'>solum</span> <span class='ocrx_word' id='word_1_99' title='bbox 224 2203 453 2300; x_wconf 72' lang='lat' dir='ltr'>vendiderit,</span> <span class='ocrx_word' id='word_1_100' title='bbox 482 2216 519 2278; x_wconf 86' lang='lat' dir='ltr'>et</span> <span class='ocrx_word' id='word_1_101' title='bbox 545 2229 632 2278; x_wconf 88' lang='lat' dir='ltr'>eum</span> <span class='ocrx_word' id='word_1_102' title='bbox 654 2207 791 2280; x_wconf 87' lang='lat' dir='ltr'>iterum</span> <span class='ocrx_word' id='word_1_103' title='bbox 817 2208 862 2279; x_wconf 85' lang='lat' dir='ltr'>ad</span> <span class='ocrx_word' id='word_1_104' title='bbox 882 2206 1006 2280; x_wconf 86' lang='lat' dir='ltr'>solum</span> <span class='ocrx_word' id='word_1_105' title='bbox 1021 2232 1095 2281; x_wconf 93' lang='grc'>000</span> <span class='ocrx_word' id='word_1_106' title='bbox 1111 2217 1243 2305; x_wconf 86' lang='lat' dir='ltr'>potue-</span> 
     </span>
     <span class='ocr_line' id='line_1_17' title="bbox 89 2303 1241 2407; baseline 0.003 -30"><span class='ocrx_word' id='word_1_107' title='bbox 89 2303 133 2378; x_wconf 86' lang='lat' dir='ltr'>rit</span> <span class='ocrx_word' id='word_1_108' title='bbox 148 2308 351 2400; x_wconf 79' lang='lat' dir='ltr'>reducere,</span> <span class='ocrx_word' id='word_1_109' title='bbox 371 2308 445 2380; x_wconf 88' lang='grc'>600</span> <span class='ocrx_word' id='word_1_110' title='bbox 463 2306 607 2380; x_wconf 88' lang='lat' dir='ltr'>solidos</span> <span class='ocrx_word' id='word_1_111' title='bbox 629 2308 828 2407; x_wconf 90' lang='lat' dir='ltr'>culpabilis</span> <span class='ocrx_word' id='word_1_112' title='bbox 846 2307 1052 2403; x_wconf 76' lang='lat' dir='ltr'>iudicetur,</span> <span class='ocrx_word' id='word_1_113' title='bbox 1072 2319 1137 2382; x_wconf 83' lang='lat' dir='ltr'>aut</span> <span class='ocrx_word' id='word_1_114' title='bbox 1156 2332 1241 2380; x_wconf 89' lang='lat' dir='ltr'>cum</span> 
     </span>
     <span class='ocr_line' id='line_1_18' title="bbox 91 2406 1240 2504; baseline 0.005 -28"><span class='ocrx_word' id='word_1_115' title='bbox 91 2409 132 2480; x_wconf 85' lang='grc'>72</span> <span class='ocrx_word' id='word_1_116' title='bbox 157 2407 256 2481; x_wconf 86' lang='lat' dir='ltr'>iurit.</span> <span class='ocrx_word' id='word_1_117' title='bbox 304 2406 409 2481; x_wconf 81' lang='lat' dir='ltr'>Etsi</span> <span class='ocrx_word' id='word_1_118' title='bbox 437 2407 588 2480; x_wconf 87' lang='lat' dir='ltr'>eumin</span> <span class='ocrx_word' id='word_1_119' title='bbox 617 2410 740 2482; x_wconf 87' lang='lat' dir='ltr'>solum</span> <span class='ocrx_word' id='word_1_120' title='bbox 769 2408 977 2504; x_wconf 72' lang='lat' dir='ltr'>reduxerit7</span> <span class='ocrx_word' id='word_1_121' title='bbox 1005 2408 1240 2484; x_wconf 78' lang='lat' dir='ltr'>200s01id0s</span> 
     </span>
     <span class='ocr_line' id='line_1_19' title="bbox 90 2507 1241 2608; baseline 0.001 -29"><span class='ocrx_word' id='word_1_122' title='bbox 90 2507 282 2606; x_wconf 85' lang='lat' dir='ltr'>culpabilis</span> <span class='ocrx_word' id='word_1_123' title='bbox 303 2508 499 2582; x_wconf 86' lang='lat' dir='ltr'>iudicetur.</span> <span class='ocrx_word' id='word_1_124' title='bbox 538 2509 644 2596; x_wconf 86' lang='lat' dir='ltr'>Quod</span> <span class='ocrx_word' id='word_1_125' title='bbox 665 2521 702 2584; x_wconf 88' lang='lat' dir='ltr'>et</span> <span class='ocrx_word' id='word_1_126' title='bbox 721 2510 767 2583; x_wconf 93' lang='lat' dir='ltr'>de</span> <span class='ocrx_word' id='word_1_127' title='bbox 786 2507 926 2582; x_wconf 85' lang='lat' dir='ltr'>femina</span> <span class='ocrx_word' id='word_1_128' title='bbox 945 2509 1112 2608; x_wconf 84' lang='lat' dir='ltr'>ingenua</span> <span class='ocrx_word' id='word_1_129' title='bbox 1137 2509 1241 2582; x_wconf 87' lang='lat' dir='ltr'>simi·</span> 
     </span>
    </p>
   </div>
   <div class='ocr_carea' id='block_1_9' title="bbox 89 2607 593 2684">
    <p class='ocr_par' dir='ltr' id='par_1_9' title="bbox 89 2607 593 2684">
     <span class='ocr_line' id='line_1_20' title="bbox 89 2607 593 2684; baseline 0.004 -6"><span class='ocrx_word' id='word_1_130' title='bbox 89 2607 168 2683; x_wconf 83' lang='lat' dir='ltr'>liter</span> <span class='ocrx_word' id='word_1_131' title='bbox 187 2609 364 2684; x_wconf 81' lang='lat' dir='ltr'>convenit</span> <span class='ocrx_word' id='word_1_132' title='bbox 383 2611 593 2683; x_wconf 86' lang='lat' dir='ltr'>observare.</span> 
     </span>
    </p>
   </div>
   <div class='ocr_carea' id='block_1_10' title="bbox 569 2885 776 2957">
    <p class='ocr_par' dir='ltr' id='par_1_10' title="bbox 569 2885 776 2957">
     <span class='ocr_line' id='line_1_21' title="bbox 569 2885 776 2957; baseline 0 -1"><span class='ocrx_word' id='word_1_133' title='bbox 569 2902 713 2957; x_wconf 82' lang='grc'>00000.</span> <span class='ocrx_word' id='word_1_134' title='bbox 734 2885 776 2956; x_wconf 87' lang='grc' dir='ltr'>Β.</span> 
     </span>
    </p>
   </div>
   <div class='ocr_carea' id='block_1_11' title="bbox 86 3019 1241 3186">
    <p class='ocr_par' dir='ltr' id='par_1_11' title="bbox 86 3019 1241 3186">
     <span class='ocr_line' id='line_1_22' title="bbox 185 3019 1241 3102; baseline -0.002 -18"><span class='ocrx_word' id='word_1_135' title='bbox 185 3023 214 3084; x_wconf 94' lang='grc'>2.</span> <span class='ocrx_word' id='word_1_136' title='bbox 243 3019 338 3095; x_wconf 87' lang='lat' dir='ltr'>Quod</span> <span class='ocrx_word' id='word_1_137' title='bbox 366 3021 392 3082; x_wconf 92' lang='lat' dir='ltr'>si</span> <span class='ocrx_word' id='word_1_138' title='bbox 420 3020 557 3102; x_wconf 79' lang='lat' dir='ltr'>puellam</span> <span class='ocrx_word' id='word_1_139' title='bbox 588 3027 662 3100; x_wconf 86' lang='lat' dir='ltr'><strong>post</strong></span> <span class='ocrx_word' id='word_1_140' title='bbox 688 3020 963 3102; x_wconf 82' lang='lat' dir='ltr'>quadragesimum</span> <span class='ocrx_word' id='word_1_141' title='bbox 995 3040 1110 3082; x_wconf 78' lang='lat' dir='ltr'>annum</span> <span class='ocrx_word' id='word_1_142' title='bbox 1139 3020 1241 3083; x_wconf 86' lang='lat' dir='ltr'>iuter-</span> 
     </span>
     <span class='ocr_line' id='line_1_23' title="bbox 86 3099 1123 3186; baseline 0.004 -24"><span class='ocrx_word' id='word_1_143' title='bbox 86 3099 190 3178; x_wconf 85' lang='lat' dir='ltr'>ficerit,</span> <span class='ocrx_word' id='word_1_144' title='bbox 212 3107 276 3170; x_wconf 87' lang='grc'>200</span> <span class='ocrx_word' id='word_1_145' title='bbox 299 3105 408 3169; x_wconf 89' lang='lat' dir='ltr'>solidis</span> <span class='ocrx_word' id='word_1_146' title='bbox 432 3104 593 3186; x_wconf 82' lang='lat' dir='ltr'>culpabilis</span> <span class='ocrx_word' id='word_1_147' title='bbox 615 3105 780 3177; x_wconf 78' lang='lat' dir='ltr'>iudicetur,</span> <span class='ocrx_word' id='word_1_148' title='bbox 803 3112 856 3166; x_wconf 84' lang='lat' dir='ltr'>aut</span> <span class='ocrx_word' id='word_1_149' title='bbox 878 3125 947 3165; x_wconf 89' lang='lat' dir='ltr'>cum</span> <span class='ocrx_word' id='word_1_150' title='bbox 972 3108 1011 3170; x_wconf 85' lang='lat'>12</span> <span class='ocrx_word' id='word_1_151' title='bbox 1033 3105 1123 3166; x_wconf 86' lang='lat' dir='ltr'>iuret.</span> 
     </span>
    </p>
   </div>
   <div class='ocr_carea' id='block_1_12' title="bbox 417 3262 896 3426">
    <p class='ocr_par' dir='ltr' id='par_1_12' title="bbox 417 3262 896 3426">
     <span class='ocr_line' id='line_1_24' title="bbox 624 3262 690 3321; baseline 0 0"><span class='ocrx_word' id='word_1_152' title='bbox 624 3262 690 3321; x_wconf 88' lang='lat' dir='ltr'>XV.</span> 
     </span>
     <span class='ocr_line' id='line_1_25' title="bbox 417 3363 896 3426; baseline -0.002 0"><span class='ocrx_word' id='word_1_153' title='bbox 417 3366 469 3426; x_wconf 88' lang='lat' dir='ltr'>De</span> <span class='ocrx_word' id='word_1_154' title='bbox 491 3364 654 3426; x_wconf 87' lang='lat' dir='ltr'>homine</span> <span class='ocrx_word' id='word_1_155' title='bbox 677 3363 896 3426; x_wconf 86' lang='lat' dir='ltr'>mordrido.</span> 
     </span>
    </p>
   </div>
   <div class='ocr_carea' id='block_1_13' title="bbox 32 3464 1240 3795">
    <p class='ocr_par' dir='ltr' id='par_1_13' title="bbox 32 3464 1240 3795">
     <span class='ocr_line' id='line_1_26' title="bbox 183 3464 1238 3548; baseline 0.001 -20"><span class='ocrx_word' id='word_1_156' title='bbox 183 3467 215 3528; x_wconf 92' lang='lat' dir='ltr'>Si</span> <span class='ocrx_word' id='word_1_157' title='bbox 238 3467 308 3548; x_wconf 88' lang='lat' dir='ltr'>quis</span> <span class='ocrx_word' id='word_1_158' title='bbox 330 3467 481 3548; x_wconf 84' lang='lat' dir='ltr'>ingenuus</span> <span class='ocrx_word' id='word_1_159' title='bbox 500 3467 669 3547; x_wconf 82' lang='lat' dir='ltr'>ingenuum</span> <span class='ocrx_word' id='word_1_160' title='bbox 691 3465 873 3527; x_wconf 85' lang='lat' dir='ltr'>Ribuarium</span> <span class='ocrx_word' id='word_1_161' title='bbox 895 3464 1089 3540; x_wconf 83' lang='lat' dir='ltr'>interficerit,</span> <span class='ocrx_word' id='word_1_162' title='bbox 1114 3475 1145 3528; x_wconf 84' lang='lat' dir='ltr'>et</span> <span class='ocrx_word' id='word_1_163' title='bbox 1168 3485 1238 3529; x_wconf 88' lang='lat' dir='ltr'>eum</span> 
     </span>
     <span class='ocr_line' id='line_1_27' title="bbox 85 3550 1240 3633; baseline 0.002 -23"><span class='ocrx_word' id='word_1_164' title='bbox 85 3568 147 3611; x_wconf 90' lang='lat' dir='ltr'>cum</span> <span class='ocrx_word' id='word_1_165' title='bbox 180 3571 272 3614; x_wconf 79' lang='lat' dir='ltr'>ramo</span> <span class='ocrx_word' id='word_1_166' title='bbox 295 3551 496 3632; x_wconf 86' lang='lat' dir='ltr'>cooperuerit</span> <span class='ocrx_word' id='word_1_167' title='bbox 519 3551 567 3612; x_wconf 90' lang='lat' dir='ltr'>vel</span> <span class='ocrx_word' id='word_1_168' title='bbox 592 3551 623 3611; x_wconf 91' lang='lat' dir='ltr'>in</span> <span class='ocrx_word' id='word_1_169' title='bbox 648 3559 774 3632; x_wconf 87' lang='lat' dir='ltr'>puteum</span> <span class='ocrx_word' id='word_1_170' title='bbox 805 3569 860 3612; x_wconf 92' lang='lat' dir='ltr'>seu</span> <span class='ocrx_word' id='word_1_171' title='bbox 889 3550 920 3611; x_wconf 90' lang='lat' dir='ltr'>iu</span> <span class='ocrx_word' id='word_1_172' title='bbox 945 3569 1143 3633; x_wconf 88' lang='lat' dir='ltr'>quocumque</span> <span class='ocrx_word' id='word_1_173' title='bbox 1164 3551 1240 3613; x_wconf 84' lang='lat' dir='ltr'>libet</span> 
     </span>
     <span class='ocr_line' id='line_1_28' title="bbox 83 3631 1240 3716; baseline 0.003 -22"><span class='ocrx_word' id='word_1_174' title='bbox 83 3631 148 3698; x_wconf 86' lang='lat' dir='ltr'>loco</span> <span class='ocrx_word' id='word_1_175' title='bbox 165 3636 291 3699; x_wconf 83' lang='lat' dir='ltr'>caelare</span> <span class='ocrx_word' id='word_1_176' title='bbox 308 3635 450 3709; x_wconf 83' lang='lat' dir='ltr'>voluerit,</span> <span class='ocrx_word' id='word_1_177' title='bbox 471 3635 555 3716; x_wconf 90' lang='lat' dir='ltr'>quod</span> <span class='ocrx_word' id='word_1_178' title='bbox 578 3634 690 3696; x_wconf 90' lang='lat' dir='ltr'>dicitur</span> <span class='ocrx_word' id='word_1_179' title='bbox 707 3634 899 3708; x_wconf 87' lang='lat' dir='ltr'>mordridus‚</span> <span class='ocrx_word' id='word_1_180' title='bbox 921 3639 983 3702; x_wconf 81' lang='lat'>600</span> <span class='ocrx_word' id='word_1_181' title='bbox 1001 3634 1110 3698; x_wconf 88' lang='lat' dir='ltr'>solidis</span> <span class='ocrx_word' id='word_1_182' title='bbox 1126 3635 1240 3716; x_wconf 84' lang='lat' dir='ltr'>culpa-</span> 
     </span>
     <span class='ocr_line' id='line_1_29' title="bbox 32 3718 679 3795; baseline 0.002 -15"><span class='ocrx_word' id='word_1_183' title='bbox 32 3732 38 3738; x_wconf 82' lang='grc'><em>’</em></span> <span class='ocrx_word' id='word_1_184' title='bbox 84 3718 147 3782; x_wconf 83' lang='lat' dir='ltr'>bilis</span> <span class='ocrx_word' id='word_1_185' title='bbox 169 3720 334 3795; x_wconf 78' lang='lat' dir='ltr'>iudicetur,</span> <span class='ocrx_word' id='word_1_186' title='bbox 358 3728 412 3783; x_wconf 84' lang='lat' dir='ltr'>aut</span> <span class='ocrx_word' id='word_1_187' title='bbox 434 3739 502 3782; x_wconf 90' lang='lat' dir='ltr'>cum</span> <span class='ocrx_word' id='word_1_188' title='bbox 526 3721 567 3784; x_wconf 82' lang='lat'>72</span> <span class='ocrx_word' id='word_1_189' title='bbox 589 3719 679 3781; x_wconf 85' lang='lat' dir='ltr'>iuret.</span> 
     </span>
    </p>
   </div>
   <div class='ocr_carea' id='block_1_14' title="bbox 181 3876 1338 4072">
    <p class='ocr_par' dir='ltr' id='par_1_14' title="bbox 181 3876 1338 4072">
     <span class='ocr_line' id='line_1_30' title="bbox 617 3876 1338 3951; baseline 0.008 -14"><span class='ocrx_word' id='word_1_190' title='bbox 617 3876 697 3938; x_wconf 79' lang='lat' dir='ltr'>XVI.</span> <span class='ocrx_word' id='word_1_191' title='bbox 1246 3893 1338 3951; x_wconf 76' lang='grc'>0210</span> 
     </span>
     <span class='ocr_line' id='line_1_31' title="bbox 181 3979 1126 4072; baseline -0.002 -30"><span class='ocrx_word' id='word_1_192' title='bbox 181 3983 235 4042; x_wconf 91' lang='lat' dir='ltr'>De</span> <span class='ocrx_word' id='word_1_193' title='bbox 259 3981 470 4061; x_wconf 82' lang='lat' dir='ltr'>captivato</span> <span class='ocrx_word' id='word_1_194' title='bbox 493 3979 657 4072; x_wconf 69' lang='lat' dir='ltr'>humine</span> <span class='ocrx_word' id='word_1_195' title='bbox 681 3979 743 4039; x_wconf 87' lang='lat' dir='ltr'>vel</span> <span class='ocrx_word' id='word_1_196' title='bbox 766 3979 915 4052; x_wconf 84' lang='lat' dir='ltr'>femina</span> <span class='ocrx_word' id='word_1_197' title='bbox 939 3979 1126 4059; x_wconf 83' lang='lat' dir='ltr'>ingenue.</span> 
     </span>
    </p>
   </div>
   <div class='ocr_carea' id='block_1_15' title="bbox 79 4080 1240 4500">
    <p class='ocr_par' dir='ltr' id='par_1_15' title="bbox 79 4080 1240 4500">
     <span class='ocr_line' id='line_1_32' title="bbox 182 4080 1239 4166; baseline -0.005 -22"><span class='ocrx_word' id='word_1_198' title='bbox 182 4083 214 4144; x_wconf 87' lang='lat' dir='ltr'>Si</span> <span class='ocrx_word' id='word_1_199' title='bbox 238 4085 306 4164; x_wconf 90' lang='lat' dir='ltr'>quis</span> <span class='ocrx_word' id='word_1_200' title='bbox 325 4084 477 4166; x_wconf 84' lang='lat' dir='ltr'>ingenuus</span> <span class='ocrx_word' id='word_1_201' title='bbox 497 4082 664 4166; x_wconf 82' lang='lat' dir='ltr'>ingenuum</span> <span class='ocrx_word' id='word_1_202' title='bbox 680 4081 862 4142; x_wconf 84' lang='lat' dir='ltr'>Ribuarium</span> <span class='ocrx_word' id='word_1_203' title='bbox 888 4088 975 4142; x_wconf 79' lang='lat' dir='ltr'>extra</span> <span class='ocrx_word' id='word_1_204' title='bbox 998 4083 1100 4143; x_wconf 85' lang='lat' dir='ltr'>solum</span> <span class='ocrx_word' id='word_1_205' title='bbox 1124 4080 1239 4141; x_wconf 89' lang='lat' dir='ltr'>vendi-</span> 
     </span>
     <span class='ocr_line' id='line_1_33' title="bbox 82 4164 1240 4245; baseline -0.002 -19"><span class='ocrx_word' id='word_1_206' title='bbox 82 4165 167 4238; x_wconf 85' lang='lat' dir='ltr'>derit,</span> <span class='ocrx_word' id='word_1_207' title='bbox 192 4176 315 4229; x_wconf 80' lang='lat' dir='ltr'>etcum</span> <span class='ocrx_word' id='word_1_208' title='bbox 338 4167 453 4228; x_wconf 85' lang='lat' dir='ltr'>iterum</span> <span class='ocrx_word' id='word_1_209' title='bbox 477 4167 516 4229; x_wconf 87' lang='lat' dir='ltr'>ad</span> <span class='ocrx_word' id='word_1_210' title='bbox 533 4167 634 4228; x_wconf 88' lang='lat' dir='ltr'>solum</span> <span class='ocrx_word' id='word_1_211' title='bbox 658 4184 721 4226; x_wconf 92' lang='grc'>000</span> <span class='ocrx_word' id='word_1_212' title='bbox 740 4165 879 4245; x_wconf 80' lang='lat' dir='ltr'>potuerit</span> <span class='ocrx_word' id='word_1_213' title='bbox 893 4164 1057 4236; x_wconf 85' lang='lat' dir='ltr'>reducere,</span> <span class='ocrx_word' id='word_1_214' title='bbox 1080 4167 1141 4232; x_wconf 89' lang='grc'>600</span> <span class='ocrx_word' id='word_1_215' title='bbox 1159 4164 1240 4226; x_wconf 86' lang='lat' dir='ltr'>scli-</span> 
     </span>
     <span class='ocr_line' id='line_1_34' title="bbox 81 4249 1238 4332; baseline 0 -23"><span class='ocrx_word' id='word_1_216' title='bbox 81 4249 124 4314; x_wconf 90' lang='lat' dir='ltr'>dis</span> <span class='ocrx_word' id='word_1_217' title='bbox 146 4251 310 4332; x_wconf 82' lang='lat' dir='ltr'>culpabilis</span> <span class='ocrx_word' id='word_1_218' title='bbox 332 4251 496 4326; x_wconf 85' lang='lat' dir='ltr'>iudicetur,</span> <span class='ocrx_word' id='word_1_219' title='bbox 519 4259 573 4312; x_wconf 82' lang='lat' dir='ltr'>aut</span> <span class='ocrx_word' id='word_1_220' title='bbox 591 4271 659 4312; x_wconf 90' lang='lat' dir='ltr'>curn</span> <span class='ocrx_word' id='word_1_221' title='bbox 683 4253 724 4314; x_wconf 85' lang='lat'>72</span> <span class='ocrx_word' id='word_1_222' title='bbox 746 4249 836 4312; x_wconf 82' lang='lat' dir='ltr'>iuret.</span> <span class='ocrx_word' id='word_1_223' title='bbox 879 4250 918 4312; x_wconf 82' lang='lat' dir='ltr'>Et</span> <span class='ocrx_word' id='word_1_224' title='bbox 940 4249 965 4310; x_wconf 91' lang='lat' dir='ltr'>si</span> <span class='ocrx_word' id='word_1_225' title='bbox 989 4270 1059 4310; x_wconf 89' lang='lat' dir='ltr'>eum</span> <span class='ocrx_word' id='word_1_226' title='bbox 1081 4249 1113 4311; x_wconf 88' lang='lat' dir='ltr'>iu</span> <span class='ocrx_word' id='word_1_227' title='bbox 1137 4250 1238 4312; x_wconf 88' lang='lat' dir='ltr'>solum</span> 
     </span>
     <span class='ocr_line' id='line_1_35' title="bbox 81 4333 1238 4416; baseline 0.001 -23"><span class='ocrx_word' id='word_1_228' title='bbox 81 4335 250 4411; x_wconf 80' lang='lat' dir='ltr'>reduxerit,</span> <span class='ocrx_word' id='word_1_229' title='bbox 272 4339 334 4402; x_wconf 90' lang='grc'>200</span> <span class='ocrx_word' id='word_1_230' title='bbox 357 4334 466 4398; x_wconf 81' lang='lat' dir='ltr'>solidis</span> <span class='ocrx_word' id='word_1_231' title='bbox 493 4335 656 4416; x_wconf 82' lang='lat' dir='ltr'>culpabilis</span> <span class='ocrx_word' id='word_1_232' title='bbox 678 4334 842 4397; x_wconf 84' lang='lat' dir='ltr'>iudicetur.</span> <span class='ocrx_word' id='word_1_233' title='bbox 887 4333 979 4408; x_wconf 88' lang='lat' dir='ltr'>Quod</span> <span class='ocrx_word' id='word_1_234' title='bbox 1004 4340 1035 4396; x_wconf 88' lang='lat' dir='ltr'>et</span> <span class='ocrx_word' id='word_1_235' title='bbox 1058 4335 1097 4395; x_wconf 92' lang='lat' dir='ltr'>de</span> <span class='ocrx_word' id='word_1_236' title='bbox 1123 4333 1238 4395; x_wconf 82' lang='lat' dir='ltr'>femina</span> 
     </span>
     <span class='ocr_line' id='line_1_36' title="bbox 79 4416 742 4500; baseline 0.003 -23"><span class='ocrx_word' id='word_1_237' title='bbox 79 4416 212 4500; x_wconf 80' lang='lat' dir='ltr'>ingenua</span> <span class='ocrx_word' id='word_1_238' title='bbox 235 4419 377 4482; x_wconf 79' lang='lat' dir='ltr'>similiter</span> <span class='ocrx_word' id='word_1_239' title='bbox 399 4418 546 4482; x_wconf 87' lang='lat' dir='ltr'>convenit</span> <span class='ocrx_word' id='word_1_240' title='bbox 567 4419 742 4481; x_wconf 85' lang='lat' dir='ltr'>observari.</span> 
     </span>
    </p>
   </div>
   <div class='ocr_carea' id='block_1_16' title="bbox 0 0 1556 5240">
    <p class='ocr_par' dir='ltr' id='par_1_16' title="bbox 0 0 1556 5240">
     <span class='ocr_line' id='line_1_37' title="bbox 0 0 1556 5240; baseline 0 5"><span class='ocrx_word' id='word_1_241' title='bbox 0 0 1556 5240; x_wconf 95' lang='lat' dir='ltr'> </span> 
     </span>
    </p>
   </div>
  </div>
 </body>
</html>
