3090 5258
541 499 618 556 Lux
637 499 823 558 arsurum.
1224 503 1260 557 49

582 694 606 748 n
624 694 726 751 cono.
745 678 785 750 A.

199 819 233 888 4.
270 814 310 888 Si
338 839 494 887 manum
519 816 746 910 excusserit,
784 819 856 891 100
881 815 1025 890 solidos
1058 818 1258 916 culpabilis

1 960 2 963 =
100 914 299 989 iudicetur.
336 915 375 988 Si
391 939 525 990 manus
546 916 686 989 ibidem
702 941 835 990 manca
850 919 1084 1014 pendederit,
1104 925 1153 996 50
1171 919 1259 993 soli·

101 1017 156 1091 dis
176 1026 423 1115 conponatur.

201 1143 236 1212 ὃ.
281 1135 321 1210 Si
346 1135 428 1235 quis
448 1135 636 1234 ingenuus
661 1137 825 1234 ingenuo
845 1138 1008 1237 policem
1037 1139 1258 1235 excusserit,

102 1241 148 1314 50
167 1237 309 1311 solidos
336 1236 534 1336 culpabilis
560 1236 757 1311 iudicetur.
811 1238 953 1327 Quodsi
981 1240 1092 1338 polex
1119 1239 1258 1314 ibidem

102 1364 258 1412 mancus
277 1339 511 1436 pependerit,
531 1340 581 1413 25
599 1338 741 1414 solidos
761 1339 960 1438 culpabilis
980 1340 1177 1415 iudicetur.

202 1465 235 1533 6.
268 1457 331 1532 Sic
356 1457 394 1530 in
419 1458 522 1530 omni
549 1459 801 1555 mancatione,
829 1459 859 1532 si
886 1461 1077 1534 membrus
1101 1484 1258 1534 maneus

101 1559 334 1659 pependerit,
359 1559 564 1632 medietate
592 1572 791 1658 conponat,
819 1585 933 1658 quam
962 1585 1175 1660 conponere
1196 1563 1257 1634 de·

101 1661 235 1756 buerit,
254 1660 286 1735 si
307 1661 389 1759 ipse
409 1663 601 1736 membrus
620 1662 791 1736 abscisus
810 1661 956 1738 fuisset.

202 1789 235 1853 7.
264 1779 304 1854 Si
325 1782 488 1854 secundo
510 1781 650 1880 digito,
673 1783 770 1856 unde
790 1781 1004 1879 sagittatur,
1033 1783 1257 1877 excusserit,

101 1887 146 1958 36
166 1881 300 1957 solidis
321 1893 566 1980 conponatur.

200 2006 235 2075 8.
263 2000 407 2098 Siquis
434 2001 622 2098 ingenuus
642 2002 849 2100 ingenuum
877 2006 1013 2102 pedem
1034 2003 1257 2100 excusserit,

104 2109 173 2178 100
181 2102 313 2176 solidis
331 2113 575 2201 conponatur.
608 2102 648 2176 Si
664 2105 780 2201 pedes
793 2104 932 2178 ibidem
948 2129 1105 2179 mancus
1119 2130 1257 2205 pepen-

99 2206 208 2300 derit,
227 2207 277 2280 50
296 2203 440 2278 solidos
460 2204 659 2302 culpabilis
679 2206 876 2280 iudicetur.

200 2329 234 2400 9.
262 2323 302 2398 Si
334 2323 536 2396 articulum
569 2325 870 2424 qualemcunque
902 2325 1175 2424 amputaverit,
1207 2327 1255 2398 36

98 2421 237 2500 solidos
258 2424 459 2523 culpabilis
479 2424 676 2499 iudicetur.
1326 2429 1333 2436 ’

193 2539 259 2618 ’10.
287 2545 363 2618 Ista
384 2545 510 2618 omnia
528 2544 558 2618 si
579 2545 796 2644 negaverit,
824 2569 907 2617 cum
933 2570 1000 2619 sex
1019 2543 1128 2640 iurit,
1156 2546 1254 2644 quod

1 2741 2 2749 ἵ
99 2647 170 2720 hoc
188 2671 264 2720 non
283 2645 449 2720 fecisset.

582 2882 725 2938 acono.
745 2866 786 2938 B.

201 3004 231 3066 4.
275 3001 307 3063 si
329 3019 456 3062 manum
480 3002 665 3072 excusserit,
694 3002 754 3067 100
776 3001 884 3063 solidis
908 3001 1070 3081 culpabitis
1093 3001 1257 3069 indicetur.

1 3131 2 3192 ,
98 3085 127 3146 Si
151 3105 260 3146 manus
283 3085 399 3147 ibidem
422 3104 536 3147 manca
558 3085 743 3165 pendiderit,
767 3088 806 3150 56
829 3085 938 3148 solidis
961 3093 1132 3166 conponat.

203 3192 232 3252 5.
266 3187 297 3248 Si
321 3187 389 3267 quis
404 3186 557 3268 ingenuus
573 3188 709 3268 ingenuo
726 3187 868 3267 pubiicum
886 3187 1068 3260 excusserit,
1091 3188 1131 3251 50
1147 3186 1256 3250 solidis

99 3271 261 3354 culpabilis
285 3271 447 3335 iudicetur.
492 3269 583 3343 Quod
609 3271 634 3333 si
656 3271 753 3351 poilix
774 3271 889 3330 ibidem
915 3289 1044 3330 mancus
1070 3271 1256 3350 pendiderit,

1 3397 2 3448 ,
99 3361 136 3424 25
159 3355 270 3419 solidis
294 3354 456 3436 culpabilis
477 3354 641 3416 iudicetur.

201 3463 232 3525 6.
261 3459 311 3520 Sic
343 3457 374 3517 in
403 3457 488 3519 omni
512 3459 726 3530 mancatione,
760 3457 786 3519 si
809 3458 983 3518 membrum
1008 3475 1151 3518 mancum
1174 3476 1258 3537 pen-

1 3517 2 3562 3
99 3543 222 3615 diderit,
246 3543 417 3604 medietate
433 3551 603 3622 conponat,
621 3561 714 3623 quam
732 3559 914 3623 conponere
930 3542 1093 3614 debuerat,
1112 3541 1138 3603 si
1153 3541 1256 3622 ipsum

1 3639 2 3684 3
99 3630 273 3690 membrum
297 3627 454 3688 abscisum
477 3626 598 3690 fuisset.

202 3735 232 3796 7.
256 3727 287 3790 Si
304 3730 459 3792 secundus
476 3729 599 3810 digitus,
618 3731 699 3790 unde
720 3730 895 3810 sagittatur,
919 3747 1069 3792 excussus
1092 3729 1192 3800 tuerit,
1216 3731 1257 3794 36

1 3849 2 3857 ,
98 3814 206 3877 solidis
223 3821 429 3894 conponatur.

202 3918 233 3980 8.
256 3916 286 3976 Si
309 3917 378 3996 quis
403 3917 552 3997 ingenuus
575 3917 709 3998 ingenuo
729 3917 841 3996 pedem
866 3916 1049 3990 excusserit,
1074 3918 1133 3981 100
1149 3914 1257 3976 solidis

96 4006 266 4147 pppipgpuap.
303 4001 333 4061 Si
357 4020 412 4082 pes
427 4000 543 4061 ibidem
561 4019 688 4062 mancus
704 4001 890 4082 pendiderit,
913 4005 953 4067 50
969 3999 1077 4062 solidis
1095 3998 1257 4080 culpabilis

203 4192 233 4254 9.
258 4187 288 4248 Si
306 4186 468 4249 articulum
486 4187 713 4268 quatecumque
729 4186 949 4268 amputaverit,
965 4189 1005 4253 36
1021 4184 1129 4248 solidis
1145 4185 1258 4266 cuipa-

99 4272 167 4333 bilis
191 4271 356 4336 iudicetur.

99 4458 113 4517 f
149 4458 156 4471 .
206 4377 255 4517 1ῑο
281 4374 342 4435 lsta
369 4375 474 4436 omnia
500 4376 526 4437 si
552 4375 723 4459 negaverit,
750 4395 820 4437 cum
846 4377 866 4440 6
889 4374 979 4444 iuret,
1003 4373 1086 4454 quod
1110 4372 1171 4433 hoe
1195 4391 1256 4433 non

112 4477 210 4520 ecrsse
228 4505 235 4520 .

1009 4574 1026 4621 4
