3090 5258
598 430 816 489 PRAEFATIO.
1231 427 1264 484 1'5

147 605 213 669 enti
233 606 318 668 senti
339 603 414 686 (sed
429 611 504 666 ante
519 603 780 668 constitutionem
794 601 886 666 illam
901 604 1055 689 rapiam),
1078 604 1262 669 constitutio

149 690 254 774 eopia,
284 709 383 772 quam
408 686 497 751 titnii
518 685 654 752 57-62.
682 686 828 765 trudunt,
857 696 991 751 enennte
1017 686 1146 751 saeculo
1174 696 1263 752 sento

149 773 335 854 conscripta
362 779 418 836 eet.
462 772 572 836 Tettio
592 792 675 854 parc
701 773 765 852 (tit.
788 770 931 851 65-79)
958 770 1088 835 soeculo
1119 773 1263 856 septimo,

150 863 270 941 quanto
281 877 366 938 pars
381 855 446 938 (tit.
462 854 604 936 80-89)
627 852 757 918 saeculo
780 863 891 918 octavo
906 856 1038 918 ineunte
1053 876 1120 919 cese
1134 855 1264 920 videtne·

149 961 244 1004 conec
269 947 315 1001 to.

235 961 486 1088 ionstttnnoneo
514 1022 625 1107 rapine
650 1021 783 1102 eaepine
804 1020 841 1082 in
861 1018 929 1106 lepe
950 1020 1118 1084 Ribnnn'a
1137 1021 1263 1086 inueni·

149 1113 259 1168 untur.
302 1105 343 1168 In
361 1105 475 1188 prime
522 1113 590 1168 onte
611 1105 659 1169 tit.
676 1103 725 1182 18,
741 1126 767 1166 c.
785 1104 822 1166 1.-
844 1103 926 1167 sicut
945 1104 978 1165 in
1001 1125 1094 1167 omne
1115 1110 1262 1168 texccam

149 1187 393 1269 constituemus;
423 1188 470 1251 tit.
490 1128 544 1265 il,
574 1211 599 1251 c.
622 1187 660 1250 3:
694 1185 767 1248 Hoc
795 1195 902 1250 autem
931 1186 1170 1251 constituemus.
1220 1188 1261 1250 In

147 1272 293 1335 secunde
304 1280 400 1355 perte
415 1272 475 1335 titt.
490 1271 625 1334 57-62.
647 1270 904 1334 constitutionem
925 1269 1017 1334 iilam
1038 1271 1164 1354 cepione
1186 1293 1260 1334 con-

147 1357 260 1436 tinent,
283 1355 322 1419 de
343 1377 410 1438 qno
431 1375 536 1452 snpra
558 1359 603 1436 (55.
619 1355 657 1433 5)
678 1354 811 1438 epimne.
854 1354 896 1416 In
918 1355 1014 1416 tertia
1027 1362 1124 1436 purte
1139 1354 1186 1421 tit.
1203 1352 1260 1418 74:

147 1436 220 1500 Hoc
246 1447 352 1502 autem
380 1445 608 1502 constituemus
639 1437 718 1520 (cfr.
767 1458 807 1499 no
830 1458 870 1498 ne
896 1439 944 1500 tit.
967 1435 1017 1517 72,
1041 1461 1066 1500 e.
1089 1436 1127 1500 9:
1154 1436 1262 1520 prohi-

147 1521 287 1602 bemus).
329 1521 370 1584 In
392 1529 633 1605 quantopere
658 1523 705 1582 tit.
728 1459 785 1584 8i:
849 1541 887 1582 oc
913 1529 1020 1583 autem
1046 1540 1204 1583 consensu
1229 1529 1263 1584 et

147 1603 278 1668 consilio
300 1624 357 1668 seu
378 1613 511 1688 paterna
532 1603 708 1668 tradicione
729 1612 761 1666 et
780 1601 860 1687 legis
881 1602 1144 1666 consuetudinem
1166 1624 1204 1668 su
1227 1627 1262 1668 er

147 1688 253 1750 omnia
273 1688 429 1752 iubemus.
464 1687 525 1752 Vin
545 1697 650 1751 tamen
674 1686 869 1750 eredendum
891 1696 946 1769 eet,
967 1695 1065 1750 totone
1086 1686 1185 1772 icpem
1231 1689 1259 1752 i·

146 1771 299 1836 bnnriam
322 1795 343 1835 n
363 1771 494 1856 sepibus
515 1771 710 1834 Austrneiae
731 1770 833 1834 iatam
855 1793 930 1850 esse,
953 1794 1024 1834 cnm
1045 1779 1112 1834 tam
1127 1771 1258 1834 nniver-

146 1877 202 1918 sne
214 1855 281 1940 lcpi
296 1877 394 1940 quein
408 1853 551 1938 einpniie
560 1854 718 1940 portibus
739 1855 810 1918 eine
821 1853 940 1937 fornia
955 1855 1052 1917 edicti
1068 1855 1153 1939 repii
1167 1855 1260 1935 decit,

146 1960 278 2024 cumque
307 1940 533 2002 constitutione
558 1939 663 2023 nepio,
693 1958 790 2019 qnam
818 1938 908 2002 tituli
927 1937 1063 2001 57-62.
1086 1941 1260 2020 continent,

147 2022 275 2086 adiecta
289 2023 453 2104 penninos
474 2029 580 2086 tentus
601 2022 681 2106 lepis
704 2023 893 2084 immutatus
915 2024 965 2085 sit.
1010 2020 1260 2094 Constitutionee

144 2106 252 2191 ipitnn
270 2105 347 2169 iliae
368 2107 481 2189 rapine
504 2128 525 2167 a
544 2105 696 2189 privetis,
719 2106 777 2189 qni
798 2104 949 2189 einpnios
965 2113 1084 2187 portes
1100 2105 1183 2190 lepis
1198 2105 1258 2170 ln·-

145 2188 282 2253 bnneiae
304 2190 575 2272 eoneciipsernnt,
597 2189 739 2252 insertae
760 2210 825 2251 esee
846 2188 1008 2268 videntur,
1037 2197 1072 2252 nt
1094 2211 1164 2252 nnn
1187 2211 1261 2262 cnm

144 2271 433 2336 consuetudinibus
454 2271 691 2336 Ribnnriornm
714 2272 752 2335 id
773 2293 897 2358 qnoque
918 2273 981 2353 ins,
1009 2271 1097 2354 qnod
1118 2293 1135 2334 e
1156 2273 1258 2358 regiis

143 2355 425 2420 constitutionibus
442 2357 614 2438 processit,
634 2355 797 2418 tradatur.

660 2486 691 2563 ᾗ.
714 2483 743 2545 7.
1265 2511 1288 2550 p.
1300 2499 1351 2542 193.

166 2585 224 2650 De
245 2583 428 2670 einpnlie
450 2585 663 2668 capitibus
684 2585 767 2669 tcpi
787 2583 1018 2649 Bitourine
1041 2581 1230 2648 adiectis.

227 2685 360 2750 Rimoe
383 2689 480 2771 parti
507 2687 800 2772 iepis'Ribnnrine
829 2686 964 2771 einpnln
987 2687 1111 2770 cupita,
1140 2685 1257 2771 quibus

143 2772 391 2854 compositiones
410 2771 498 2834 ino-ie
519 2770 624 2835 satiet
646 2776 685 2855 (n
699 2773 773 2834 inne
787 2779 887 2834 vetere
902 2771 1149 2851 Ribunriornm,
1172 2769 1259 2855 qnod

139 2855 254 2938 primo
306 2877 363 2918 nne
389 2854 538 2934 continet,
566 2854 789 2934 abhorrentes)
813 2854 1004 2935 traduntur)
1028 2863 1161 2940 postero
1181 2863 1256 2918 tem·

141 2959 222 3020 pone
244 2961 264 3002 n
290 2938 361 3002 dita
382 2947 459 3001 ennt
481 2938 575 3001 haec:

270 3022 329 3084 Tit.
354 3021 404 3102 10,
426 3045 452 3084 c.
474 3021 504 3084 2.
548 3020 603 3084 Sic
629 3021 664 3083 in
692 3017 815 3104 relique
843 3020 1076 3105 conposicione,
1098 3018 1183 3084 unde
1204 3019 1258 3083 Ri-

269 3100 399 3166 buarios
424 3101 462 3166 15
484 3102 602 3167 solidos
617 3103 784 3187 culpabilis
799 3102 967 3185 iudicetur,
989 3104 1097 3187 regius
1113 3112 1146 3167 et
1160 3099 1257 3168 eccle·

246 3187 414 3252 ¹siusticus
447 3186 542 3252 homo
574 3186 778 3250 medietatem
810 3195 986 3270 conponat,
1023 3185 1074 3250 vel
1106 3185 1257 3270 deinceps

155 3279 156 3282 ’
269 3279 549 3356 quantumcunque
572 3269 666 3355 culpa
687 3269 876 3333 ascenderit.
1157 3312 1159 3320 ,

268 3355 329 3418 Tit.
352 3356 402 3418 24.
447 3355 482 3418 si
507 3362 614 3419 antem
636 3375 747 3417 servus
769 3374 899 3416 servum
921 3353 1109 3436 sanguinem
1131 3351 1257 3416 effusio-

180 3490 182 3494 .
265 3458 338 3500 nem
359 3437 477 3517 fecerit,
499 3437 597 3502 tercio
621 3437 766 3501 demedio
789 3435 889 3499 solido
905 3435 1071 3521 culpabilis
1089 3435 1258 3500 iudicetur.

268 3521 329 3585 Tit.
351 3522 401 3586 25.
446 3521 481 3586 si
503 3543 576 3586 osso
597 3521 627 3584 ei
648 3521 781 3605 frigent,
804 3521 823 3583 6
846 3519 964 3584 solidos
986 3519 1153 3605 culpabilis
1175 3519 1256 3584 iudi-

266 3614 363 3670 cetur.

143 3686 204 3750 Tit.
227 3685 278 3752 24.
300 3697 330 3752 et
350 3689 400 3752 25.
423 3687 555 3752 laudati
575 3697 699 3752 sentam
718 3696 846 3772 partem
868 3689 1111 3772 compositionis¹
1124 3687 1257 3753 Saliene

141 3775 158 3850 (
180 3770 343 3835 uindccim
373 3781 468 3856 atone
495 3773 635 3857 tripintn
656 3771 853 3850 solidorum)
877 3793 966 3836 servo
988 3794 1040 3846 reo
1062 3774 1256 3857 ininnpnnt.

144 3790 240 3925 ieet
268 3854 419 3918 abhorret
447 3879 468 3918 a
496 3857 725 3940 compositione
747 3857 974 3940 duodevipinti
996 3865 1091 3939 atque
1114 3856 1254 3939 tniqinta

139 3936 407 4018 concenderent,
434 3962 533 4024 qnam
554 3948 643 4002 cetus
666 3941 717 4003 ine
739 3939 978 4002 Bitouriornm
1006 3941 1070 4020 (tit.
1091 3938 1121 4002 2.
1144 3938 1173 4002 3.
1196 3937 1255 4018 68)

135 4030 201 4102 pro
222 4022 319 4084 caede
331 4022 432 4104 factu
455 4031 550 4108 etque
574 4044 641 4086 osec
655 4023 770 4102 fracto
792 4023 935 4106 inpenno
953 4020 1163 4103 praescribit.
1229 4056 1232 4062 ·

222 4102 264 4165 In
285 4107 382 4170 tentia
400 4116 497 4190 parte
518 4106 600 4190 lepis
623 4107 808 4170 Ribnatine
830 4114 930 4186 capnt
953 4105 980 4165 1.
1003 4104 1091 4168 tituli
1112 4103 1152 4166 67
1183 4103 1256 4186 (nbi

138 4184 178 4248 de
201 4185 328 4250 bonine
349 4187 495 4254 debitoso
522 4199 648 4254 mortno
672 4191 813 4274 opiter),
842 4211 914 4252 cnm
942 4209 1056 4268 nenne,
1086 4189 1144 4271 qni
1170 4188 1256 4252 inter

136 4267 266 4333 tentum
287 4272 337 4334 66.
361 4283 456 4358 atque
477 4273 606 4337 tite-inm
628 4274 678 4338 67.
701 4297 774 4358 cap.
796 4271 816 4333 2
837 4293 904 4356 sqq.
928 4280 1038 4353 emetat,
1066 4293 1101 4335 eo
1119 4273 1255 4355 penitus

136 4355 408 4438 interrumpatur,
425 4365 541 4441 pecten
561 4357 693 4422 videtne
713 4355 863 4422 additum
886 4376 962 4419 esee.
