3090 5258
587 467 808 524 Pannonio,
1223 472 1260 525 27

20 693 21 696 ,
135 641 246 726 piebat
268 664 290 704 a
311 638 380 726 ispe
396 640 582 722 Ribuaria;
599 643 747 725 primurn
770 642 855 706 enirn
877 640 1001 705 codicis
1012 640 1149 726 folium,
1172 642 1260 726 quod

19 737 20 742 ’
138 748 158 788 u
178 724 341 788 columine
364 724 557 789 distractum
578 727 665 788 inter
685 728 817 808 ineptas
838 725 973 789 obortus
994 726 1161 790 inventurn
1174 726 1258 810 fuit,

19 815 20 864 ἶ
136 810 182 872 sic
204 807 461 872 inscribebatur:
484 808 603 893 Incipit
623 807 677 874 lex
691 807 929 906 Ripuariorum,
951 817 1036 874 turn:
1060 808 1095 874 si
1118 810 1191 895 quis
1212 811 1259 874 in-

19 913 20 918 ¹
135 913 260 976 genuus
280 891 456 976 ingenuum
477 892 545 955 istu
567 900 761 976 percussent
781 900 837 960 etc.
880 892 986 974 Folia,
1031 917 1093 958 uae
1112 896 1259 976 primurn

138 977 195 1040 boe
210 984 401 1058 sequuntur,
423 975 556 1040 burnore
570 985 599 1039 et
613 997 761 1039 marcore
775 985 842 1040 tarn
856 975 941 1041 male
954 916 1258 1061 muieotafnerunt,

18 1071 21 1146 j
138 1069 172 1124 ut
201 1059 286 1124 velut
316 1057 544 1145 conglutinata
570 1061 704 1144 penitus
731 1062 817 1124 inter
845 1082 878 1125 se
903 1061 1121 1126 cohaererent.
1163 1062 1257 1126 Non·

138 1143 232 1208 uuila
260 1151 368 1207 tamen
396 1142 437 1205 ab
459 1142 500 1207 A.
522 1143 566 1206 Pe
589 1166 651 1208 ron
672 1144 822 1226 expediri
844 1152 940 1229 atque
960 1142 1053 1209 euelli
1070 1154 1258 1229 potuerunt,

138 1249 177 1290 en
200 1227 319 1326 quibus
341 1227 435 1305 uidit,
461 1236 537 1310 poet
564 1167 664 1311 ἥφθη
684 1227 885 1291 Ribuariam
913 1230 1025 1291 statim
1046 1230 1139 1312 sequi
1158 1229 1259 1314 tepent

139 1311 287 1376 Salecarn
308 1310 521 1376 emendatam.
570 1307 739 1383 Quaedam
760 1311 857 1374 etiarn
872 1310 901 1373 b.
916 1334 956 1380 on.
972 1311 1065 1375 Perte
1087 1312 1179 1392 cidit,
1202 1316 1260 1397 qui

139 1395 264 1459 schedis
279 1395 400 1458 nostris
413 1395 564 1472 inseruit,
585 1393 695 1459 titubes
710 1393 761 1459 87.
776 1393 826 1458 88.
842 1394 893 1458 89.
917 1394 1040 1460 codicis
1061 1418 1133 1460 cum
1153 1396 1259 1460 titulis

139 1479 188 1545 83.
212 1479 264 1542 84.
286 1478 338 1542 85.
359 1478 513 1542 editionis
534 1477 754 1558 Baburianae,
784 1477 822 1541 id
847 1486 893 1542 est
915 1500 987 1543 curn
1007 1479 1113 1544 titulis
1133 1480 1184 1544 85.
1207 1479 1258 1544 86.

21 1568 24 1574 ’
141 1563 189 1626 87.
211 1571 318 1626 tentus
333 1562 365 1625 B
387 1584 576 1647 conpruere.
622 1560 733 1637 Quare
754 1562 913 1626 coniicere
933 1583 1116 1645 possumus,
1138 1572 1259 1628 teniuan

140 1645 166 1711 ie
190 1648 219 1710 is
234 1644 286 1726 92,
308 1645 357 1708 uei
379 1647 427 1727 (si
441 1645 574 1709 uitinuus
587 1646 702 1710 titrdus
720 1668 742 1709 a
752 1645 965 1728 praecedenti
979 1655 1156 1730 separatae
1169 1653 1258 1728 erat)

142 1669 473 1794 uicissitudinem
490 1728 614 1813 fuisse.
661 1727 752 1803 Quae
779 1726 944 1794 titubarunt
970 1730 1091 1796 divisio
1114 1753 1186 1795 curn
1207 1733 1259 1795 in-

16 1891 17 1894 *
142 1815 210 1878 dice
225 1813 348 1877 codicis
363 1813 428 1876 Bl
451 1814 615 1913 conpruit.
657 1813 823 1877 Rubricae
844 1814 950 1899 ipitur
971 1812 1011 1878 de
1031 1835 1148 1879 arnone
1170 1825 1199 1879 et
1219 1814 1260 1880 de

140 1897 336 1962 testamentis
364 1917 477 1980 regum
506 1920 542 1960 en
569 1897 677 1961 codice
707 1918 833 1982 quoque
860 1897 1081 1982 [iporediensi
1109 1898 1260 1982 adfuisse

140 1983 301 2046 uidentur.
344 1981 385 2044 In
401 2003 436 2044 eo
452 2003 576 2065 quoque
590 1980 678 2045 solus
693 1980 795 2044 eaden
809 1981 1044 2066 &orodiensis
1064 1993 1173 2047 noster
1187 2007 1260 2048 cunt

140 2067 249 2130 codice
264 2066 296 2127 B
315 2067 330 2127 1
353 2066 516 2150 conpruii,
539 2065 626 2150 quod
646 2064 758 2130 scribit
779 2064 1007 2149 Ripunriorum
1030 2072 1133 2148 (non.·
1155 2067 1258 2131 Ribu·

142 2152 320 2228 ariorum).

224 2233 283 2314 21)
318 2232 448 2298 Codeu
477 2231 772 2316 Lupduuensis
803 2231 1031 2296 Vossianus
1058 2235 1095 2297 in
1116 2234 1162 2297 4⁰.
1188 2235 1259 2316 119,

15 2331 16 2338 ’
141 2317 266 2381 saeculi
279 2316 337 2396 IX,
352 2337 446 2402 quern
460 2314 567 2380 deseri
591 2317 633 2378 sit
652 2315 756 2379 *Perta
773 2317 811 2379 in
823 2315 958 2379 ‘Archiv
973 2316 1033 2380 der
1047 2315 1305 2399 Geseliscbafl*t·
1322 2325 1374 2368 ²⁰²·

131 2400 197 2484 fiir
235 2400 333 2463 bitere
370 2400 520 2464 deutsche
553 2337 861 2463 geschichtskunde
901 2398 977 2478 VH,
1012 2422 1048 2482 p.
1082 2399 1261 2481 737-740,

134 2483 364 2570 fraprnenturn
378 2492 506 2547 tanturn
520 2480 601 2567 legis
616 2481 789 2548 Riboarine
806 2482 942 2562 enbibet,
965 2506 986 2545 a
1001 2483 1104 2546 verbis
1118 2482 1207 2547 tituli
1219 2483 1262 2548 60

14 2631 15 2646 ,
142 2574 200 2650 (=
221 2576 296 2632 tent.
311 2567 372 2648 B),
394 2591 419 2630 c.
437 2567 493 2631 18:
515 2574 607 2652 spata
629 2575 662 2630 et
683 2564 839 2631 conueule
859 2587 961 2650 usque
984 2565 1030 2629 nd
1043 2567 1146 2649 finan
1168 2566 1260 2653 lepis.

14 2691 15 2696 κ
144 2651 252 2718 Cedere
273 2649 312 2713 91
335 2650 447 2715 titrdos
467 2660 646 2731 enunieret,
671 2650 788 2736 quibus
810 2650 964 2714 rubricae
983 2650 1153 2733 pruefiuae
1174 2660 1261 2715 sunt.

14 2801 15 2808 ¹
225 2735 284 2814 22)
317 2733 450 2800 Codeu
478 2735 612 2799 Paris.
641 2734 726 2798 Lat.
759 2733 893 2814 18,236
922 2733 1015 2817 (olim
1041 2733 1160 2802 ‘Noun
1190 2759 1259 2821 aeq.

14 2837 15 2842 ’
142 2819 209 2883 lot!
231 2818 301 2899 95),
330 2819 457 2884 saeculi
477 2819 534 2900 IX,
562 2841 620 2882 seor
641 2827 767 2883 tanturn
780 2816 872 2901 folia
895 2820 1046 2888 continet,
1090 2820 1131 2883 In
1150 2822 1261 2904 primo

134 2902 222 2988 folio
245 2901 361 2966 uiiirna
378 2925 465 2987 pars
486 2901 514 2966 ie
539 2904 568 2965 is
588 2902 775 2967 Ribuariae
796 2903 975 2982 invenitur,
1004 2903 1083 2967 inde
1112 2927 1134 2965 a
1155 2903 1262 2968 uerbis

14 2999 15 3030 ³
143 2986 230 3051 tituii
252 2986 301 3053 85.
342 3015 385 3040 =
406 2995 480 3054 teat.
536 2990 572 3067 ):
593 3007 651 3071 per
672 3007 830 3049 vencnum
853 3007 911 3050 seu
931 3008 990 3071 per
1010 2985 1142 3072 aliquod
1164 2985 1261 3052 male-

14 3127 15 3130 ,
142 3069 261 3151 ficium,
292 3091 332 3132 us
353 3091 394 3132 ue
416 3069 462 3133 ad
483 3070 599 3134 uerba:
627 3069 756 3133 fredum
785 3079 842 3134 aut
863 3071 965 3153 (sict)
993 3091 1058 3134 non
1083 3069 1128 3134 illi
1150 3070 1263 3135 iudicii

143 3156 246 3236 (sici)
269 3155 308 3218 tit
344 3151 428 3216 i9l.
475 3153 593 3217 Tentus
614 3151 696 3240 lepis
718 3153 757 3216 91
781 3152 886 3218 titulis
908 3155 1036 3217 divisus
1058 3164 1137 3218 erat.
1182 3153 1261 3220 Sin·

14 3281 16 3320 ,
142 3237 229 3324 pulis
256 3235 363 3302 titulis
391 3239 520 3302 numeri
542 3247 638 3322 atque
659 3237 813 3302 rubricae
831 3238 1074 3322 praefipuniur.
1119 3237 1262 3323 Reliqua

14 3341 16 3388 ³
143 3325 286 3486 nurnggj
298 3320 551 3471 8912919.
559 3320 1145 3489 {intertentationes
1168 3402 1262 3486 (οη.

142 3488 485 3637 {panpenberpi
514 3487 641 3554 caecubi
660 3488 701 3552 X.
730 3487 790 3552 vei.
808 3484 865 3569 XI,
896 3509 988 3573 quern
1017 3488 1263 3573 descripserunt

205 3573 232 3637 S
259 3572 425 3658 anpenber
448 3619 457 3652 ,
486 3573 730 3720 ‘Beptrg'gezu
761 3571 824 3636 den
853 3571 1014 3636 teutschen
1037 3572 1178 3637 Recbten
1205 3573 1262 3636 des

143 3595 356 3721 Maecianus
379 3595 498 3737 (1822)
517 3679 554 3741 p.
578 3658 593 3719 1
684 3656 755 3736 191,
779 3655 818 3718 θ.
835 3656 876 3719 H.
893 3656 993 3737 Perta,
1016 3656 1133 3720 ‘Ueber
1154 3658 1263 3741 einipe

143 3738 409 3824 Handscbriften
437 3740 619 3806 Deutscber
645 3740 782 3805 liecbis-
811 3740 881 3804 und
912 3739 1149 3822 Gesetzbe‘icber,
1179 3739 1261 3810 Abit.

143 3825 175 3889 d.
202 3822 292 3888 Beri.
323 3822 442 3888 Auca!
472 3824 564 3906 1857,
588 3849 626 3910 p.
649 3825 690 3888 88
711 3845 790 3908 sqq„
820 3825 981 3907 quaedam
1008 3833 1137 3888 tanturn
1165 3824 1262 3914 verba

14 3965 15 3982 a
142 3907 433 4006 lepisoRibuoriae
455 3908 589 3973 conbibet.
625 3908 759 4008 ‘Incipit
787 3908 888 3972 codsa
917 3908 1066 3973 acerbis
1094 3906 1183 4008 tituli
1203 3908 1263 3972 90:

14 4039 16 4060 ¹
143 3990 574 4161 {sentiuntur
593 3992 738 4161 111111
748 3991 814 4138 iit
829 3990 1264 4159 (institeritis

144 4162 180 4223 in
202 4159 311 4223 codice
336 4158 373 4221 17
396 4160 622 4240 inveniuntur,
645 4159 705 4243 cfr.
727 4159 819 4223 Perte
840 4157 862 4223 l.
884 4159 936 4225 cit.

227 4241 287 4324 24)
310 4242 509 4308 Sicbardi
530 4266 665 4328 quoque,
689 4242 862 4307 Heroidi
883 4251 912 4305 et
928 4242 1034 4306 Tilii
1054 4249 1150 4326 atque
1171 4240 1262 4306 Lin-

147 4326 296 4390 denbro
304 4327 344 4473 pi
350 4327 365 4389 i
386 4327 543 4392 editiones
565 4325 781 4391 consulendus
803 4348 870 4390 esse
886 4328 1017 4410 putavi.

230 4407 298 4475 Sic
337 4411 465 4475 ardus
494 4413 531 4476 in
556 4411 670 4493 libello,
701 4433 792 4496 queue
819 4411 1008 4494 inscripsit:
1035 4409 1135 4496 Lepes
1164 4408 1262 4474 Bibo-
