3090 5258
569 481 645 539 LEX
664 481 851 540 ntnUAntn.

612 676 755 734 scona.
776 659 816 733 A.

128 795 242 871 deat*
262 797 309 869 ad
330 796 662 896 interrogationis:
682 799 760 874 ‘Sta
779 799 842 895 tu',
863 809 900 872 et
917 797 1033 873 liceat
1052 799 1087 873 ei
1106 799 1190 874 sine
1210 811 1289 874 tan·

6 895 8 902 ’
130 923 229 998 ganu
255 895 452 996 loquere*,
481 909 519 972 et
545 899 662 973 dieat:
695 901 788 1000 ‘Ego
822 901 970 1000 ignoro,
1001 912 1130 976 unum
1155 925 1288 977 servos

129 1025 236 1074 meos
264 998 465 1098 culpabilis
489 1025 534 1073 an
567 1001 747 1076 innocens
774 1027 820 1076 ex
843 1003 916 1076 hoc
937 1005 1149 1098 ested-eret,
1177 1029 1288 1103 prop-

129 1113 232 1175 terea
258 1125 346 1175 eum
367 1104 576 1177 secundum
596 1102 722 1202 legem
735 1103 952 1176 Ribuariam
972 1127 1087 1202 snper
1106 1109 1150 1178 14
1163 1105 1287 1180 noetis

128 1203 172 1275 ad
210 1201 366 1301 igneum
402 1203 666 1301 repraesento'.
731 1199 776 1278 Et
816 1204 873 1280 sic
910 1203 992 1279 eius
1027 1205 1287 1303 praesentiam

129 1329 215 1378 curn
243 1302 379 1378 fistuca
404 1302 518 1378 fidem
545 1304 671 1380 faeiat.
708 1303 816 1394 Quod
845 1304 877 1380 si
905 1330 1039 1380 servus
1066 1305 1102 1378 in
1131 1305 1286 1408 igneum
1296 1346 1319 1390 ρ.
1335 1329 1390 1380 aaa.

128 1427 282 1478 manum
303 1404 464 1502 miserit,
491 1417 529 1480 et
542 1406 664 1480 lesam
685 1406 842 1503 tullerit,
870 1407 1046 1482 dominus
1066 1407 1166 1506 eins,
1188 1407 1288 1483 sicut

128 1507 188 1582 lex
210 1507 390 1603 contenit,
408 1507 456 1581 de
475 1508 576 1582 furtu
596 1507 696 1582 servi
717 1507 918 1607 culpabilis
938 1509 1134 1583 iudicetur.

236 1627 267 1697 *)
287 1627 317 1681 la
336 1625 470 1682 sadiattes
489 1628 531 1681 tte
550 1617 624 1682 maai
642 1631 680 1682 ita
699 1627 808 1696 tepent:

277 1698 471 1779 responden
492 1699 533 1760 ad
556 1698 813 1780 interrogationis
829 1701 944 1763 stabnt
966 1699 1061 1762 deest
1074 1699 1106 1761 ei
1128 1699 1196 1760 sine
1211 1704 1288 1760 tna·

278 1803 362 1866 genu
384 1784 516 1864 loquere
541 1786 575 1859 l;
603 1785 798 1864 respondeat
820 1784 861 1844 ad
883 1783 1149 1866 interrogationes
1172 1785 1288 1855 stabat,

279 1869 372 1930 liceat
391 1868 473 1930 haec
493 1867 562 1929 sine
586 1877 721 1948 tanganu
744 1869 876 1950 loquere
898 1871 935 1945 23
965 1869 1160 1950 respondeat
1186 1868 1288 1929 inter-

280 1957 368 2015 rotns
384 1953 578 2032 respondeat
593 1959 665 2025 stet,
680 1951 773 2015 liceat
788 1951 869 2014 haec
881 1953 949 2015 sine
960 1960 1097 2034 tangano
1109 1950 1241 2034 loquere
1253 1955 1286 2026 3;

277 2037 472 2117 respondeat
494 2036 535 2097 ad
556 2036 818 2118 interrogationes
835 2041 884 2098 sto
903 2046 934 2100 et
954 2037 1048 2099 lieeat
1071 2037 1098 2099 ei
1122 2037 1190 2098 sine
1213 2046 1288 2098 tan-

280 2140 363 2201 gano
386 2121 518 2202 loquere
541 2123 560 2185 4
568 2138 577 2196 ;
605 2119 800 2202 respondeat
822 2122 863 2182 ad
886 2121 1150 2204 interrogationes
1173 2123 1287 2184 stabat.

279 2204 372 2266 lieeat
394 2206 462 2267 sine
484 2211 621 2266 tancane
651 2205 782 2286 loquere
805 2207 841 2281 53
872 2208 1047 2288 repondeat
1072 2205 1288 2287 interrogatus

279 2296 341 2351 stet
354 2298 387 2351 et
401 2291 469 2352 sine
482 2297 621 2372 tangano
640 2289 789 2370 loquatur
809 2293 846 2365 9;
868 2291 1079 2374 interrogatus
1094 2288 1289 2372 respondeat

279 2381 309 2436 et
332 2373 399 2436 sine
421 2381 560 2454 tangano
581 2371 731 2455 leqaatur
755 2377 811 2449 to;
841 2387 917 2440 rods.
937 2386 963 2440 o.
985 2386 1019 2453 7,
1044 2390 1099 2440 teto
1118 2387 1194 2438 intio
1212 2385 1288 2438 tuter

279 2472 375 2538 eapitis
396 2473 503 2538 mutato,
523 2473 561 2521 tta
580 2470 682 2537 loquat:
716 2456 808 2532 Quod
839 2457 865 2518 si
893 2476 1003 2518 servus
1032 2456 1063 2517 in
1093 2455 1205 2517 inditio
1228 2474 1287 2536 pro

279 2559 371 2602 servo
393 2539 608 2621 interpellatus
631 2539 732 2614 luerit,
756 2542 795 2602 de
817 2539 933 2602 fiducia
954 2558 1083 2603 securus
1099 2559 1179 2613 esse,
1201 2537 1286 2620 quod

280 2625 306 2686 si
329 2643 437 2686 servus
462 2624 532 2687 talis
555 2643 616 2686 non
640 2623 749 2699 luerit,
779 2624 863 2687 unde
891 2625 1035 2687 dominus
1059 2624 1125 2688 eius
1147 2624 1178 2685 ln
1201 2619 1288 2684 iudi-

280 2709 328 2770 cio
359 2728 419 2790 pro
450 2729 489 2770 eo
522 2707 718 2789 respondere
747 2710 862 2792 possit,
896 2709 1043 2772 dominns
1072 2709 1287 2790 interrogatus

279 2793 487 2958 ressponpeat3
501 2821 550 2876 epo
564 2798 614 2855 sta
625 2801 657 2854 tn
670 2807 767 2875 scripsi
778 2820 814 2860 ea
826 2810 987 2876 coarctare,
1002 2811 1156 2874 argument>
1166 2806 1234 2861 tituli
1243 2803 1288 2874 59,

279 2905 302 2942 0.
339 2928 347 2942 .
365 2904 394 2943 en
406 2905 448 2944 Μ.

230 2993 266 3065 2.
281 2990 388 3081 Quod
414 2989 445 3064 si
473 3001 617 3086 servus,
639 2993 789 3090 quando
814 2991 991 3065 dominus
1012 2990 1288 3090 interpellatur,

611 3209 636 3264 r
654 3209 756 3266 corn.
775 3192 818 3264 B.

132 3336 259 3411 rogatus
287 3329 490 3409 respoudeat,
520 3335 551 3389 et
578 3327 645 3389 sine
673 3335 811 3472 tangam
841 3327 1002 3408 loquatur,
1032 3333 1064 3386 et
1086 3325 1185 3386 dieat:
1212 3325 1288 3405 ‘Ego

131 3413 259 3494 ignoro,
297 3421 400 3475 unum
434 3429 544 3475 servm
577 3431 666 3474 mens
700 3410 860 3493 capabilis
894 3429 933 3472 an
966 3410 1115 3471 innocens
1155 3410 1195 3470 de
1226 3407 1290 3472 hoo

133 3497 285 3561 extiterit.

647 3579 766 3642 XXXl.
1297 3582 1390 3642 para.

435 3683 488 3746 ee
510 3701 630 3746 servo
653 3682 986 3763 representando.

235 3787 409 3867 Propterea
443 3807 513 3850 eum
548 3786 718 3847 seeundum
748 3785 848 3869 legem
871 3785 1051 3848 Ribuariam
1076 3805 1170 3867 super
1192 3794 1290 3866 quat-

133 3871 305 3934 tuordecim
328 3878 438 3934 nostes
468 3872 507 3933 ad
530 3871 634 3952 ignem
657 3876 874 3952 repraesento.
918 3870 956 3931 Et
978 3869 1023 3932 sie
1046 3870 1085 3931 de
1109 3871 1175 3931 eius
1191 3887 1290 3950 pree-

132 3958 233 4017 sentia
252 3975 322 4017 cum
337 3955 450 4018 fistuca
469 3955 564 4016 fidem
581 3955 684 4017 faeiat.
718 3953 809 4029 Quod
827 3953 852 4015 si
867 3973 976 4016 servus
991 3953 1141 4034 inignem
1164 3972 1288 4014 manum

133 4039 262 4112 miserit,
279 4046 310 4101 et
324 4040 444 4102 laesam
460 4039 575 4112 tulerit,
591 4039 735 4101 dominns
748 4038 824 4111 eins,
836 4037 915 4099 sieut
926 4039 976 4099 lex
988 4036 1136 4110 eontinet,
1152 4037 1190 4097 de
1206 4036 1289 4098 furtu

133 4125 214 4186 servi
237 4125 400 4206 culpabilis
421 4123 590 4186 indicetur.

650 4243 780 4306 xxxn.

381 4336 434 4409 De
456 4367 571 4409 servo
594 4347 694 4410 infra
718 4347 897 4410 ducatum
921 4346 1043 4428 lapso.

240 4454 267 4516 1.
291 4452 383 4525 Quod
407 4451 432 4514 si
460 4469 587 4520 servus,
617 4451 744 4531 quando
775 4449 920 4512 dominus
948 4447 1165 4529 interpellatus
1187 4446 1290 4520 luerit,
