3110 5232
552 463 629 520 Lux
647 461 833 522 nlnblmu.

588 657 732 712 acono.
751 641 791 715 A.

108 777 322 851 Romanam
359 774 535 874 legitimo
572 777 707 852 fuisset
742 777 928 875 ingenuos
964 779 1168 854 relaxatus.
1228 781 1365 862 Etaau.

110 890 204 951 tunc
222 876 292 973 illi,
312 875 376 974 qui
397 901 551 951 causam
569 877 820 976 prosequitur,
839 879 876 952 in
895 891 1073 978 presente
1093 881 1274 956 constrin-

8 985 11 991 “
111 989 239 1078 gatar,
250 989 291 1051 ut
305 1003 347 1052 se
363 989 450 1052 ante
464 978 588 1052 iudice
603 980 866 1077 repraesentit,
878 993 916 1056 et
930 982 976 1054 ad
990 994 1138 1080 partem
1154 983 1274 1057 eccle-

112 1079 196 1154 siae
218 1083 291 1153 100
308 1079 450 1153 solidos
478 1079 678 1178 culpabilis
705 1080 903 1177 iudicetur,
930 1093 968 1156 et
994 1082 1199 1180 unicuique
1227 1085 1273 1157 de

112 1181 275 1255 testibus
306 1183 351 1256 15
376 1180 533 1277 solidos,
559 1191 596 1254 et
619 1181 885 1256 archidiacono
912 1186 962 1259 45
980 1183 1125 1257 solidos
1150 1184 1274 1282 culpa·

112 1281 200 1355 bilis
229 1280 436 1376 iudicetur,
468 1293 506 1355 et
538 1281 812 1357 nihilhominus
843 1284 972 1358 tabule
1009 1284 1158 1360 stabilis
1190 1310 1274 1383 per·

1 1463 2 1466 ¹
110 1392 305 1456 maneant.

217 1485 252 1556 6.
302 1483 409 1571 Quod
442 1483 474 1557 si
511 1483 798 1558 archidiaconus
834 1484 907 1558 ista
942 1485 1150 1584 adimplere
1187 1509 1274 1558 con·

113 1595 341 1683 tempserat,
370 1595 407 1657 et
434 1594 645 1678 auctorem,
676 1585 738 1683 qui
767 1609 853 1659 eum
882 1585 1090 1685 ingenuum
1117 1585 1273 1682 dimisit,

112 1711 188 1759 non
230 1684 436 1781 inveniret,
469 1697 558 1758 tunc
595 1686 821 1759 tabularium
860 1685 943 1785 ipse
985 1687 1273 1762 archidiaconus

115 1812 201 1860 cum
235 1785 655 1884 quadragintaquinque
684 1787 935 1862 semissolidis
968 1799 1006 1862 et
1037 1813 1122 1861 cum
1155 1789 1275 1860 omni-

114 1890 184 1962 bus
211 1889 324 1960 rebus
351 1887 431 1961 suis
456 1889 607 1985 proprio
636 1889 774 1962 domno
803 1889 946 1963 studiat
967 1887 1208 1984 reservare*,
1237 1897 1275 1962 et

115 1987 375 2086 unusquisque
401 1989 449 2062 de
475 1988 635 2063 testibus
663 1999 722 2062 ter
749 1989 885 2087 quinus
914 1989 1170 2064 simissolidus
1200 1989 1275 2062 cul·

112 2090 250 2188 pabilis
269 2088 468 2162 iudicetur,
1265 2119 1266 2122 ¹

220 2188 245 2271 ⁵¹⁸]
268 2187 437 2250 reformari
461 2191 489 2252 4.

218 2298 251 2364 7.
307 2292 415 2379 Quod
458 2292 490 2364 si
522 2303 654 2365 auctor
685 2291 915 2368 dimissionis
947 2317 1035 2367 eum
1066 2293 1276 2392 ingenuum

1 2385 2 2394 '
114 2392 262 2488 fecerit,
291 2417 404 2466 cause
429 2404 651 2490 prosecutor
676 2393 791 2466 simili
815 2392 933 2485 multa
952 2394 1150 2488 susteniat,
1178 2393 1278 2468 sicut

1 2523 3 2592 ξ
115 2493 290 2593 superius
318 2495 484 2568 scribere
512 2493 704 2589 iussimus,
729 2505 767 2567 et
794 2494 950 2592 insuper
972 2494 1159 2568 ecclesiae
1178 2494 1278 2567 limi-

115 2595 225 2768 pibus
255 2595 485 2694 expellatur,
514 2594 750 2693 usquedum
779 2595 932 2694 proprio
961 2595 1141 2694 episcopo
1168 2595 1278 2669 satis·

132 2707 253 2869 amab.
281 2796 388 2884 Quod
408 2796 438 2870 si
459 2796 543 2893 quis
565 2795 789 2870 tabularium
810 2821 855 2870 ex
872 2821 982 2870 servo
1002 2796 1127 2870 alieno
1150 2799 1276 2870 facere

594 3041 736 3098 acono.
756 3024 797 3097 Β.

116 3161 213 3223 larius
230 3161 401 3222 secondum
413 3160 513 3241 legem
526 3160 700 3221 Romanam
712 3158 850 3240 legitime
861 3158 972 3220 luisset
983 3158 1135 3239 ingenuus
1147 3156 1277 3218 relaxa-

116 3252 176 3307 tus.
220 3244 259 3305 Et
285 3250 357 3304 tuuc
378 3243 439 3318 ille,
469 3242 522 3325 qui
544 3261 688 3305 caussam
711 3242 923 3325 prosequitur,
951 3242 982 3303 in
1006 3248 1171 3323 praesente
1194 3260 1277 3302 con-

118 3329 305 3409 stringatur,
339 3333 373 3388 ut
408 3347 443 3390 se
480 3332 552 3389 ante
588 3326 721 3388 iudicem
754 3333 981 3408 repraesentet,
1015 3335 1046 3388 ct
1078 3326 1118 3386 ad
1154 3332 1275 3404 partem

117 3412 269 3474 ecclesiae
294 3414 353 3478 100
376 3410 485 3473 solidis
508 3410 671 3492 culpabilis
693 3411 854 3486 iudicetur,
881 3417 912 3471 et
933 3410 1099 3490 unicuique
1123 3407 1161 3469 de
1183 3409 1278 3470 testi-

117 3499 174 3558 bus
205 3500 244 3562 15
267 3495 375 3558 solidis
406 3495 569 3575 culpabilis
594 3494 759 3566 iudicetur,
788 3504 818 3556 et
846 3493 1067 3557 archidiacono
1095 3495 1135 3558 45
1167 3491 1277 3554 solidis

5 3653 6 3656 Ἴ
117 3579 279 3660 culpabilis
297 3580 461 3652 iudicetur,
484 3587 515 3641 et
537 3578 761 3642 nihilhominus
777 3579 903 3642 tabulae
918 3578 1045 3641 stabiles
1061 3587 1277 3658 permaneant.

222 3667 252 3728 6.
297 3663 390 3737 Quod
420 3663 446 3726 si
469 3663 709 3726 archidiaconus
731 3664 791 3725 ista
814 3662 986 3744 adimplere
1008 3659 1218 3732 contemserit,
1247 3668 1279 3722 et

118 3756 278 3809 auctorem
301 3767 422 3822 suum,
447 3747 499 3829 qui
521 3766 590 3809 eum
607 3749 775 3828 ingenuum
792 3747 916 3815 dimisit,
939 3766 1002 3807 non
1017 3745 1182 3818 invenerit,
1205 3751 1279 3805 tunc

117 3831 308 3893 tabularium
337 3832 405 3911 ipse
433 3830 674 3894 archidiaconus
697 3851 766 3892 cum
790 3834 828 3896 45
853 3831 961 3892 solidis
985 3838 1106 3892 etcum
1131 3830 1278 3891 omnibus

116 3918 211 3978 rebus
231 3915 295 3978 suis
315 3916 446 3996 proprio
466 3915 594 3976 domino
611 3915 737 3978 studeat
756 3916 932 3990 restituere,
954 3921 987 3975 et
1008 3913 1222 3994 unusquisque
1239 3913 1278 3973 de

117 3998 247 4062 testibus
274 4003 312 4066 15
335 3999 444 4062 solidis
467 3999 630 4080 culpabilis
653 3998 815 4060 iudicetur.

222 4087 252 4148 7.
296 4083 389 4158 Quod
422 4083 448 4145 si
482 4092 592 4145 auctor
628 4081 818 4144 dimissionis
850 4101 920 4142 eum
954 4083 1121 4162 ingenuum
1160 4079 1277 4152 fecerit,

119 4185 256 4240 causam,
274 4168 325 4248 qui
342 4167 552 4249 prosequitur,
569 4167 702 4229 similem
717 4167 846 4226 multam
863 4165 1023 4238 sustineat,
1039 4165 1119 4225 sicut
1133 4163 1278 4242 superius

118 4251 256 4313 scribere
285 4251 443 4324 iussimus,
476 4257 507 4313 et
527 4252 656 4331 insuper
678 4253 717 4313 ab
741 4248 893 4311 ecclcsiae
915 4248 1071 4311 liminibus
1096 4247 1278 4328 repellatur,

118 4355 217 4416 usque
240 4335 314 4396 dum
337 4336 469 4416 proprio
491 4336 561 4415 ipso
584 4334 765 4397 satisfaciat.

222 4421 253 4485 8.
290 4417 384 4491 Quod
406 4420 431 4482 si
454 4419 523 4499 quis
545 4418 732 4481 tabularium
756 4437 795 4478 ex
818 4436 911 4478 servo
935 4417 1038 4481 alieno
1059 4417 1165 4478 facere
1182 4434 1280 4496 prae-

1031 4533 1047 4582 6
