3090 5258
283 483 318 536 40
610 477 757 536 inntens
776 475 885 534 LEGIS
906 472 1117 531 ntBUAnlnE.

321 657 391 712 Edit.
540 653 604 710 cod.
623 655 680 709 Aa.
1136 652 1155 705 A
1169 652 1194 705 7.

307 752 336 819 5,
349 748 441 812 5-7.
506 747 536 811 9.
559 745 605 805 00
623 743 671 806 his
688 744 739 824 qui
756 743 842 825 poli·
927 747 956 810 9.
979 743 1025 804 00
1040 743 1142 823 police
1156 748 1187 803 et
1200 743 1239 804 de
1252 743 1345 826 digito
1357 747 1430 806 unde

241 896 243 899 ¹
561 847 628 888 cem
651 827 830 890 excusserit.
979 826 1107 908 sagittat
1130 845 1274 890 excusso.

307 915 463 986 5,8-10.
488 915 536 978 10.
560 911 591 974 Si
626 913 694 993 quis
727 912 841 992 pedem
908 912 956 976 10.
979 912 1025 972 00
1048 911 1229 972 abscisione
1251 911 1348 992 pedis.

562 995 743 1058 excusserit.

306 1084 336 1146 6.
488 1083 536 1146 11.
558 1081 605 1140 00
619 1079 668 1141 his
682 1079 734 1160 qui
746 1079 840 1140 alium
911 1081 958 1144 11.
980 1079 1026 1139 00
1052 1079 1255 1141 castratione.

560 1163 754 1224 castraverit.

308 1251 337 1310 7.
490 1249 537 1312 12.
561 1246 843 1326 Dehisquihomi-
909 1247 1026 1311 12:1³0
1048 1245 1239 1308 homicidiis.

560 1349 631 1392 uem
658 1331 842 1392 Ribuarium

559 1413 753 1475 interficerit.

307 1499 336 1562 8.
491 1499 539 1564 13.
562 1497 593 1558 Si
624 1497 692 1577 quis
716 1516 842 1559 servum
871 1545 877 1552 .
909 1499 957 1563 13.
980 1499 1027 1558 00
1048 1497 1226 1562 homicidiis
1249 1516 1415 1561 servorum.

558 1580 753 1644 interficerit.

307 1668 336 1730 9.
489 1667 537 1732 14.
559 1666 606 1725 00
634 1665 754 1746 regium
776 1664 844 1725 ho-

562 1748 675 1809 minem
691 1748 842 1812 interfec-

559 1839 635 1894 tum.
883 1670 954 2065 }14.
977 1832 1432 1916 Deregiohomineinterfeoto.
1529 1839 1531 1910 j

289 1917 336 1980 10.
489 1918 536 1981 15.
559 1917 605 1975 De
613 1915 772 1976 hominem
786 1933 843 1977 ec·
1529 1929 1531 1950 2

560 1998 745 2061 ciesiastioo.
1211 2046 1216 2057 .

288 2083 422 2155 11,1.2.
488 2083 537 2148 16.
559 2083 605 2142 00
635 2101 705 2144 eum
736 2083 841 2162 quiin
907 2085 955 2149 15.
978 2084 1025 2143 00
1058 2103 1096 2145 eo
1129 2083 1297 2147 interiecto
1331 2082 1380 2164 qui
1404 2081 1431 2142 in
1530 2095 1531 2152 t

559 2172 658 2228 truste
684 2167 770 2246 regia
795 2175 843 2229 est
979 2173 1079 2230 truste
1101 2169 1183 2249 regis
1208 2175 1265 2231 est.
1530 2167 1531 2182 ¹

558 2249 750 2312 interiectus.
1529 2289 1531 2322 z

289 2333 377 2406 11,3.
487 2335 536 2398 17.
559 2333 842 2395 Dehominemec-
907 2337 955 2401 16.
978 2334 1026 2394 De
1041 2334 1135 2396 fortia
1151 2336 1230 2418 regii
1246 2343 1276 2397 et
1289 2334 1432 2398 ecciesia—
1529 2327 1531 2406 ἦ

560 2416 735 2480 ciesiastico
788 2418 841 2498 qui
977 2418 1045 2479 stici
1066 2419 1203 2483 hominis
1226 2420 1319 2483 facta.
1530 2419 1531 2424 ’

558 2500 622 2562 vim
651 2501 755 2565 tulerit
778 2504 841 2562 aii-

560 2585 643 2666 quid.

990 2752 1430 2836 etdeaiiiscompositionibus.
1530 2753 1531 2784 ¹

485 2837 533 2900 18.
556 2835 602 2894 00
618 2833 766 2894 feminam
782 2833 841 2895 Ri-
907 2836 954 2900 18.
978 2837 1024 2897 00
1040 2837 1142 2917 puella
1158 2839 1309 2901 Ribuaria
1326 2837 1431 2898 occisa.

556 2917 700 2979 buariam
739 2918 841 2978 inter·
907 2922 955 2985 19.
978 2920 1025 2981 00
1046 2921 1132 3004 regia
1157 2922 1205 2984 vel
1230 2919 1431 2985 ecclesiastica

287 2667 336 2732 12,
907 2671 955 2734 17.
977 2670 1024 2729 00
1039 2669 1155 2731 femina
1171 2671 1321 2733 Rihueria
1336 2669 1430 2730 occisa
1529 2647 1531 2698 1

417 2663 444 3066 i
555 3000 646 3063 fecta.
977 3003 1094 3068 femina
1123 3016 1297 3088 pregnante
1325 3003 1430 3066 occisa.
1529 2991 1531 3082 ζ

487 3087 536 3152 19.
558 3084 589 3146 Si
606 3085 673 3166 quis
688 3084 840 3167 ingenuus
904 3089 955 3152 20.
977 3089 1024 3148 00
1038 3087 1174 3170 ingenuo
1198 3092 1303 3153 occiso
1319 3097 1350 3150 et
1365 3086 1431 3148 uhi·
1529 3093 1531 3166 t

557 3169 840 3250 ingenuumRibua-
978 3190 1109 3252 cumque
1133 3173 1245 3238 celato.

557 3253 637 3314 rium
648 3252 839 3316 interficerit.
1529 3307 1531 3336 r

484 3339 535 3403 20.
558 3339 604 3399 De
619 3335 668 3398 his
681 3337 732 3417 qui
745 3337 839 3399 alium
903 3340 954 3404 21.
977 3339 1023 3399 00
1039 3341 1220 3403 venditione
1231 3343 1432 3423 ingenuorum
1529 3343 1531 3402 i

557 3421 744 3482 vendiderit.
977 3431 1065 3484 extra
1089 3424 1200 3488 selum.
1529 3409 1531 3434 ¹

485 3505 536 3570 21.
558 3503 838 3584 Dehisquihomi-
901 3508 951 3569 22.
974 3506 1432 3573 Deincendioaservofacto.
1530 3519 1531 3548 ³

558 3606 630 3648 nem
657 3587 838 3649 incenderit.

901 3675 952 3737 23.
974 3673 1020 3732 00
1053 3672 1196 3736 incendio
1228 3698 1286 3758 per
1315 3681 1432 3735 noctem
1530 3721 1531 3724 ,

974 3755 1068 3818 facto.

286 3834 377 3908 18,1.
904 3842 954 3904 24.
977 3839 1023 3900 00
1040 3841 1133 3904 variis
1149 3841 1240 3906 furtis
1257 3839 1432 3906 animalium

978 3924 1018 3984 ab
1049 3924 1191 4006 ingenuis
1214 3926 1305 3990 factis
1328 3921 1432 3988 sihor

977 4007 1118 4071 fecerint.

286 4085 334 4160 18,
346 4089 375 4151 2.
425 4081 442 4180 i
481 4089 532 4152 22.
554 4088 601 4148 00
613 4088 839 4168 pecoribusfu-
904 4093 954 4156 25.
976 4091 1432 4157 Defurtisservcrumeorun-

556 4172 642 4234 ratis.
979 4176 1050 4235 dem
1074 4176 1264 4240 animalium.

286 4252 335 4324 18,
347 4253 376 4317 3.
903 4261 953 4323 26.
976 4257 1022 4318 00
1038 4259 1159 4320 hisdem
1176 4261 1264 4324 furtis
1281 4254 1432 4323 0000010-

978 4341 1109 4405 siasticis
1139 4344 1188 4406 vel
1211 4347 1303 4428 regiis
1329 4335 1435 4403 homi-

976 4425 1068 4488 nibus
1090 4426 1191 4490 factis.
