3090 5258
741 471 818 528 LEX
838 471 1023 530 ntnonnn.

783 664 927 724 scona
946 648 986 722 Α.

865 787 920 860 VI.

355 953 357 958 ·
408 912 448 988 Si
463 912 546 1011 quis
563 911 751 1012 ingenuus
767 912 974 1012 ingenuum
990 915 1221 1011 castraverit,
1238 915 1446 992 200soiitos

206 1053 228 1098 ρ.
242 1038 295 1089 215.
308 1013 505 1114 culpabilis
523 1014 723 1090 iudicetur.
769 1017 842 1090 Aut
865 1015 897 1090 si
926 1016 1145 1115 negaverit,
1173 1042 1260 1090 conr
1291 1019 1334 1096 12
1358 1017 1446 1092 iurit.

849 1191 921 1267 vlt.

407 1333 448 1407 Si
481 1335 566 1434 quis
593 1336 710 1409 homo
737 1334 956 1434 ingenuum}
971 1335 1190 1410 Ribuorinm
1218 1336 1448 1430 interfecerit,

308 1438 384 1550 eoo
396 1436 541 1552 solidos
560 1437 758 1536 culpabilis
778 1437 976 1514 indicetur.
1014 1439 1088 1512 Aut
1104 1438 1137 1512 si
1152 1438 1358 1538 negaverit,
1375 1461 1448 1510 curn

311 1541 354 1613 12
375 1549 476 1612 rnrrt.
836 1639 930 1715 VH„

409 1777 447 1851 Si
474 1776 559 1876 quis
585 1802 738 1852 servum
764 1777 1010 1873 interfecerit,
1031 1780 1079 1855 06
1095 1778 1241 1854 solidos
1265 1776 1449 1878 culpabilis

307 1877 513 1974 iudicetur,
533 1889 599 1952 aut
614 1903 698 1953 curn
714 1904 780 1953 sex
796 1879 906 1977 iurit,
926 1881 1025 1977 quod
1051 1881 1125 1954 froc
1142 1905 1218 1955 non
1237 1879 1388 1956 fecissit.

854 2053 912 2130 IX.

406 2192 444 2267 Si
466 2191 550 2291 quis
569 2193 719 2292 regium
737 2192 932 2267 hominem
953 2193 1206 2290 interfecerit,
1231 2199 1305 2272 100
1320 2192 1449 2270 solidos

306 2294 723 2393 culpatiltstutieetur,
743 2305 809 2368 aut
828 2319 913 2370 cnm
935 2296 980 2376 12
1001 2295 1101 2370 inrit.

779 2550 803 2605 r
820 2549 925 2606 cnon
943 2533 983 2605 B.

858 2668 907 2730 Vl.

711 2767 763 2831 De
787 2770 1051 2834 castratione.

184 2886 226 2945 *μ
242 2885 294 2934 215.
410 2873 441 2934 si
466 2874 534 2953 quis
555 2875 708 2957 ingenuus
723 2873 893 2955 ingenuom
916 2874 1112 2948 castraverit,
1135 2878 1198 2942 200
1212 2877 1322 2940 solidis
1338 2877 1451 2958 *culpa-

304 2957 375 3022 bilis
397 2957 559 3022 indicetur.
604 2960 664 3021 Aut
687 2957 713 3022 si
736 2957 905 3040 negaverit,
928 2977 998 3022 cum
1023 2959 1173 3029 saturet.

850 3115 914 3178 vn.

735 3238 786 3298 Dc
808 3236 1032 3304 homicidio.

408 3340 438 3402 Si
466 3341 535 3420 quis
563 3341 661 3402 horno
683 3339 851 3422 ingenuum
873 3341 1054 3402 Ribnarium
1076 3341 1277 3417 interfecerit,
1300 3347 1361 3411 200
1382 3341 1452 3407 soii-

303 3425 349 3487 dis
372 3425 536 3506 culpabitis
558 3425 723 3488 indicetur.
768 3425 828 3486 Aut
848 3425 875 3486 si
898 3425 1073 3508 negaverit,
1093 3446 1163 3488 cum
1185 3429 1223 3496 12
1245 3428 1335 3491 iuret.

839 3581 917 3643 viti.

601 3703 655 3763 De
678 3701 914 3764 homicidiis
937 3722 1163 3769 servorum.

408 3804 438 3865 Si
462 3803 532 3885 quis
554 3823 680 3866 servum
703 3804 896 3877 interficerit,
918 3809 959 3872 36
982 3807 1091 3870 solidis
1115 3809 1275 3891 culpabilis
1297 3811 1452 3879 indicetur,

303 3899 357 3953 aut
378 3909 448 3953 com
470 3892 490 3954 6
511 3888 602 3963 iuret,
625 3890 710 3972 qood
732 3889 796 3952 hoc
818 3909 883 3952 non
902 3890 1037 3956 fecisset.

849 4047 902 4110 iX.

542 4170 594 4231 De
616 4169 852 4233 homicidiis
875 4171 1075 4234 hominurn
1098 4173 1217 4255 regis.

407 4273 437 4334 Si
469 4273 537 4353 quis
567 4273 727 4335 hominem
755 4273 873 4356 regium
903 4274 1102 4350 interficerit,
1132 4279 1191 4344 100
1215 4277 1323 4340 solidis
1347 4277 1455 4360 cnlpa-

302 4356 371 4419 bitis
394 4357 559 4452 iudicetur,
583 4365 636 4420 sut
657 4377 727 4420 curn
753 4361 791 4425 12
813 4359 904 4422 iuret.
