3090 5258
676 411 752 467 LEX
770 408 958 467 ninnium.

720 605 744 659 a
762 604 865 660 corn.
883 585 923 658 Α.

241 723 488 826 possessione
524 724 789 820 introduxerit,
834 736 872 798 et
907 724 1044 798 ibidem
1083 723 1233 796 inventa
1269 724 1397 818 fuerit,

242 829 290 903 45
306 826 450 901 solidos
467 823 664 922 culpabilis
681 825 878 919 iudicetur,
896 825 956 899 vei
972 824 1151 923 quidquid
1167 823 1201 898 ei
1217 825 1395 897 damnum

243 926 457 1022 accesserit,
477 926 594 999 alium
613 936 759 1000 tantum
777 923 985 999 restituat*.

347 1025 372 1110 *i
396 1034 488 1090 eoric
506 1035 523 1088 5
543 1036 586 1088 bic
608 1037 705 1088 inserit
728 1049 765 1089 ee
784 1037 857 1089 tituto
874 1033 919 1089 82.
946 1036 1069 1089 editionis
1087 1037 1197 1088 nostroe
1219 1034 1285 1088 doec
1303 1033 1398 1086 verbm

393 1110 423 1170 2.
439 1105 471 1168 Si
487 1111 591 1168 autem
607 1124 723 1188 negare
746 1113 963 1186 (corripendum
982 1105 1160 1186 negaverit)
1184 1111 1215 1165 et
1237 1103 1398 1165 convictus

310 1208 314 1215 ·
393 1190 496 1264 suerit,
527 1189 660 1271 capitale
689 1209 756 1252 curn
782 1198 893 1271 texaga
916 1198 946 1252 et
968 1189 1103 1251 ditatura
1127 1187 1289 1269 culpabilis
1312 1187 1399 1248 iudi-

393 1283 490 1336 cetur.
534 1278 563 1339 3.
593 1272 625 1334 Si
654 1273 723 1354 quis
747 1273 899 1353 peculium
930 1273 960 1333 in
993 1291 1096 1336 messe
1126 1271 1328 1353 adprehenso
1357 1272 1397 1332 ad

393 1357 533 1438 paricum
558 1375 687 1418 manare
710 1363 797 1433 [corr.
819 1357 956 1434 minare)
980 1376 1042 1419 non
1065 1356 1254 1437 permiserit,
1278 1359 1316 1422 12
1339 1355 1398 1416 sol.

393 1439 554 1522 culpabilis
566 1441 729 1512 iudicetur,
740 1449 794 1502 aut
805 1460 875 1502 cum
884 1445 903 1506 6
912 1440 1003 1513 iuret,
1015 1443 1100 1522 quod
1114 1442 1176 1503 hoc
1188 1459 1250 1501 non
1262 1439 1398 1502 fecisset.

151 1611 174 1653 r·
189 1595 241 1644 2³6·
759 1581 878 1654 XLVI.

348 1707 378 1772 1.
416 1699 455 1775 Si
482 1701 566 1798 quis
605 1702 816 1799 quadrupes
850 1699 1043 1774 hominem
1080 1699 1277 1794 occiderit,
1315 1699 1396 1796 ipse

242 1800 475 1898 quadrupes,
510 1800 573 1898 qui
600 1825 686 1874 eum
713 1799 952 1895 interficerit,
987 1801 1024 1872 in
1050 1801 1257 1874 medietate
1281 1823 1396 1873 were·

242 1901 345 2001 gilde
371 1901 612 2000 suscipiatur,
639 1913 676 1975 et
703 1900 817 1975 aliam
846 1901 1090 1975 medietatem
1113 1901 1286 1975 dominos
1308 1923 1396 1997 qua-

242 2000 404 2099 drupes*
423 2003 572 2076 solvere
598 2003 740 2077 studiat
764 2004 905 2100 absque
933 2004 1049 2076 freto:
1076 2003 1165 2100 quia
1183 2003 1282 2100 quod
1307 2025 1396 2098 qua-

243 2104 427 2201 drupedes
447 2103 603 2198 faciunt,
623 2104 718 2177 freto
738 2129 812 2176 nun
834 2103 1007 2201 exigitur.

345 2200 369 2284 *1
391 2213 437 2267 Sic
457 2211 470 2264 1
492 2213 568 2280 (buo
584 2215 703 2282 penitioi,
722 2216 751 2266 at
767 2214 896 2278 uidetur).

344 2326 377 2398 2.
408 2322 514 2409 Quod
535 2321 567 2396 si
588 2324 850 2421 quadrupedes
866 2323 1147 2420 quadrupedem
1162 2319 1394 2416 interficerit,

242 2423 417 2497 dominus
438 2423 699 2521 quadrupedes
715 2424 995 2521 quadrupedem
1010 2434 1201 2496 mortuum
1215 2422 1277 2496 vel
1295 2421 1397 2495 debi-

242 2525 318 2598 Iem
337 2523 516 2622 recipiat5
544 2535 582 2596 et
600 2548 699 2618 eum,
722 2524 785 2621 qui
806 2523 923 2597 alium
943 2521 1175 2616 interficerit,
1194 2549 1215 2596 a
1242 2523 1395 2597 dominu

243 2625 346 2720 eius,
384 2623 490 2697 cuius
519 2626 779 2722 quadrupedes
807 2636 865 2698 est
897 2625 1131 2720 interfectus,
1160 2624 1286 2723 ipsum
1307 2648 1397 2721 qua·

241 2726 448 2822 dropedem
468 2724 623 2821 tribuat,
643 2736 707 2798 aut
730 2736 912 2823 quantum
935 2725 1155 2799 interfectus
1174 2725 1235 2798 vel
1260 2724 1396 2798 debilis

241 2824 345 2923 prius
363 2823 534 2897 valuerit.

720 3053 744 3106 a
762 3051 863 3108 oonn.
881 3034 922 3107 Β.

242 3187 315 3229 nem
337 3167 558 3242 introduxerit,
581 3176 611 3230 et
631 3168 745 3230 ibidem
767 3170 892 3232 inventa
913 3168 1016 3242 fuerit,
1039 3174 1079 3235 45
1103 3169 1212 3232 solidis
1235 3168 1399 3249 culpabilis

241 3251 410 3326 iudicetur,
443 3252 492 3315 vel
526 3252 671 3334 quicquid
700 3253 728 3314 ei
762 3254 912 3316 damnum
945 3254 1126 3327 accesserit,
1159 3253 1242 3315 aliud
1278 3262 1398 3315 tantum

242 3336 396 3400 restituat.

149 3447 174 3489 μ.
190 3429 241 3478 aaa.
751 3421 886 3484 XLVIII.

334 3522 386 3581 De
410 3521 759 3602 quadrupedibus,
783 3525 815 3584 si
838 3523 1039 3583 hominem
1063 3522 1306 3585 occiderint.

349 3625 377 3687 1.
400 3621 432 3682 Si
455 3622 523 3704 quis
546 3623 727 3704 quadrupes
749 3623 908 3684 hominem
932 3623 1096 3696 occiderit,
1117 3623 1185 3705 ipse
1209 3625 1400 3706 quadrupes,

242 3707 379 3786 quicum
395 3705 587 3779 interficerit,
608 3707 639 3766 in
655 3707 854 3768 medietatem
872 3708 1029 3790 weregildi
1045 3709 1241 3790 suscipiatur,
1258 3717 1289 3770 et
1304 3709 1397 3770 aliam

241 3788 441 3851 medietatem
458 3788 603 3851 dominus
619 3789 833 3871 quadrupedis
856 3791 980 3853 solvere
1003 3792 1129 3855 studeat
1150 3794 1269 3873 absque
1291 3792 1399 3854 fredo:

242 3872 316 3954 quia
337 3873 423 3953 quod
444 3874 666 3954 quadrupedes
685 3875 813 3947 faciunt,
834 3875 942 3936 fredus
965 3875 1079 3938 exinde
1101 3897 1164 3938 non
1188 3875 1330 3958 exigitur.

326 3978 355 4038 2.
386 3975 479 4048 Quod
502 3976 528 4038 si
551 3979 730 4058 quadrupes
751 3977 989 4058 quadrupedem
1017 3978 1223 4051 interfecerit,
1254 3979 1400 4040 dominus

241 4059 454 4140 quadrupedis
487 4062 724 4142 quadrupedem
758 4069 915 4123 mortuum
948 4061 997 4123 vel
1027 4063 1161 4124 debilem
1189 4061 1338 4143 recipiat3
1369 4069 1399 4124 et

241 4161 324 4215 eum,
347 4143 399 4224 qui
422 4145 517 4205 alium
537 4144 737 4219 interfecerit,
760 4164 778 4206 a
802 4145 930 4208 domino
947 4147 1023 4218 eius,
1047 4147 1133 4208 cuius
1150 4148 1328 4227 quadrupes
1353 4153 1402 4208 est

241 4244 433 4320 interfectus,
454 4246 555 4327 ipsum
579 4248 816 4328 quadrupedem
836 4249 960 4323 tribuat,
984 4245 1021 4306 ct
1043 4256 1195 4331 quantum
1213 4249 1401 4312 interfectus

243 4348 293 4408 vei
314 4346 424 4408 debilis
443 4347 531 4428 prius
554 4348 705 4422 valuerat,
727 4334 906 4408 solvatur.
