<?xml version="1.0" encoding="UTF-8"?>
<!DOCTYPE html PUBLIC "-//W3C//DTD XHTML 1.0 Transitional//EN"
    "http://www.w3.org/TR/xhtml1/DTD/xhtml1-transitional.dtd">
<html xmlns="http://www.w3.org/1999/xhtml" xml:lang="en" lang="en">
 <head>
  <title>
</title>
<meta http-equiv="Content-Type" content="text/html;charset=utf-8" />
  <meta name='ocr-system' content='tesseract 3.04.00' />
  <meta name='ocr-capabilities' content='ocr_page ocr_carea ocr_par ocr_line ocrx_word'/>
</head>
<body>
  <div class='ocr_page' id='page_1' title='image "./lexribuariaetle00sohmgoog/lexribuariaetle00sohmgoog_0099.png"; bbox 0 0 3110 5232; ppageno 0'>
   <div class='ocr_carea' id='block_1_1' title="bbox 600 463 913 521">
    <p class='ocr_par' dir='ltr' id='par_1_1' title="bbox 600 463 913 521">
     <span class='ocr_line' id='line_1_1' title="bbox 600 463 913 521; baseline 0.003 -2"><span class='ocrx_word' id='word_1_1' title='bbox 600 463 678 520; x_wconf 87' lang='lat' dir='ltr'><strong>LEX</strong></span> <span class='ocrx_word' id='word_1_2' title='bbox 697 463 884 521; x_wconf 75' lang='lat' dir='ltr'>urnulam.</span> <span class='ocrx_word' id='word_1_3' title='bbox 911 479 913 482; x_wconf 82' lang='lat'>·</span> 
     </span>
    </p>
   </div>
   <div class='ocr_carea' id='block_1_2' title="bbox 643 639 846 714">
    <p class='ocr_par' dir='ltr' id='par_1_2' title="bbox 643 639 846 714">
     <span class='ocr_line' id='line_1_2' title="bbox 643 639 846 714; baseline 0.016 -4"><span class='ocrx_word' id='word_1_4' title='bbox 643 656 787 714; x_wconf 84' lang='grc'><strong>99999.</strong></span> <span class='ocrx_word' id='word_1_5' title='bbox 806 639 846 713; x_wconf 89' lang='lat' dir='ltr'><strong>A.</strong></span> 
     </span>
    </p>
   </div>
   <div class='ocr_carea' id='block_1_3' title="bbox 163 777 1321 977">
    <p class='ocr_par' dir='ltr' id='par_1_3' title="bbox 163 777 1321 977">
     <span class='ocr_line' id='line_1_3' title="bbox 165 777 1321 893; baseline 0.004 -44"><span class='ocrx_word' id='word_1_6' title='bbox 165 800 325 890; x_wconf 88' lang='lat' dir='ltr'>cumque</span> <span class='ocrx_word' id='word_1_7' title='bbox 343 787 430 889; x_wconf 83' lang='lat' dir='ltr'>post</span> <span class='ocrx_word' id='word_1_8' title='bbox 447 787 641 851; x_wconf 83' lang='lat' dir='ltr'>auctorem</span> <span class='ocrx_word' id='word_1_9' title='bbox 661 788 698 851; x_wconf 94' lang='lat' dir='ltr'><strong>et</strong></span> <span class='ocrx_word' id='word_1_10' title='bbox 713 777 938 893; x_wconf 76' lang='lat' dir='ltr'>sanguinem</span> <span class='ocrx_word' id='word_1_11' title='bbox 958 777 1133 852; x_wconf 85' lang='lat' dir='ltr'>effusoris</span> <span class='ocrx_word' id='word_1_12' title='bbox 1155 779 1215 852; x_wconf 94' lang='lat' dir='ltr'><strong>vel</strong></span> <span class='ocrx_word' id='word_1_13' title='bbox 1236 791 1321 877; x_wconf 92' lang='lat' dir='ltr'>post</span> 
     </span>
     <span class='ocr_line' id='line_1_4' title="bbox 163 875 1321 977; baseline 0.004 -27"><span class='ocrx_word' id='word_1_14' title='bbox 163 888 240 950; x_wconf 89' lang='lat' dir='ltr'>tres</span> <span class='ocrx_word' id='word_1_15' title='bbox 268 875 405 973; x_wconf 89' lang='lat' dir='ltr'>prioris</span> <span class='ocrx_word' id='word_1_16' title='bbox 441 877 602 973; x_wconf 83' lang='lat' dir='ltr'>fuerint,</span> <span class='ocrx_word' id='word_1_17' title='bbox 637 881 894 977; x_wconf 85' lang='lat' dir='ltr'>unusquisque</span> <span class='ocrx_word' id='word_1_18' title='bbox 922 890 981 953; x_wconf 86' lang='lat' dir='ltr'><strong>ter</strong></span> <span class='ocrx_word' id='word_1_19' title='bbox 1013 879 1146 976; x_wconf 90' lang='lat' dir='ltr'>quinos</span> <span class='ocrx_word' id='word_1_20' title='bbox 1178 879 1321 955; x_wconf 91' lang='lat' dir='ltr'>solidos</span> 
     </span>
    </p>
   </div>
   <div class='ocr_carea' id='block_1_4' title="bbox 165 977 1322 1242">
    <p class='ocr_par' dir='ltr' id='par_1_4' title="bbox 165 977 1322 1242">
     <span class='ocr_line' id='line_1_5' title="bbox 165 977 1256 1076; baseline 0.002 -25"><span class='ocrx_word' id='word_1_21' title='bbox 165 977 357 1073; x_wconf 87' lang='lat' dir='ltr'>multetur,</span> <span class='ocrx_word' id='word_1_22' title='bbox 382 989 419 1050; x_wconf 90' lang='lat' dir='ltr'><strong>et</strong></span> <span class='ocrx_word' id='word_1_23' title='bbox 438 977 615 1076; x_wconf 89' lang='lat' dir='ltr'>quicquid</span> <span class='ocrx_word' id='word_1_24' title='bbox 635 979 776 1054; x_wconf 83' lang='lat' dir='ltr'>ibidem</span> <span class='ocrx_word' id='word_1_25' title='bbox 795 981 1005 1053; x_wconf 89' lang='lat' dir='ltr'>talavcrent</span> <span class='ocrx_word' id='word_1_26' title='bbox 1023 978 1256 1053; x_wconf 80' lang='lat' dir='ltr'>restituant*</span> 
     </span>
     <span class='ocr_line' id='line_1_6' title="bbox 285 1077 1322 1162; baseline 0 -22"><span class='ocrx_word' id='word_1_27' title='bbox 285 1085 418 1159; x_wconf 79' lang='lat' dir='ltr'>)codcc</span> <span class='ocrx_word' id='word_1_28' title='bbox 443 1086 460 1140; x_wconf 85' lang='lat'><strong>5</strong></span> <span class='ocrx_word' id='word_1_29' title='bbox 484 1089 527 1142; x_wconf 83' lang='lat' dir='ltr'>lu&#39;c</span> <span class='ocrx_word' id='word_1_30' title='bbox 550 1092 645 1144; x_wconf 75' lang='lat' dir='ltr'>inserit</span> <span class='ocrx_word' id='word_1_31' title='bbox 668 1091 783 1144; x_wconf 78' lang='lat' dir='ltr'>titutum:</span> <span class='ocrx_word' id='word_1_32' title='bbox 824 1078 993 1153; x_wconf 87' lang='lat' dir='ltr'>Quomodo</span> <span class='ocrx_word' id='word_1_33' title='bbox 1016 1077 1219 1162; x_wconf 82' lang='lat' dir='ltr'>wiregeldum</span> <span class='ocrx_word' id='word_1_34' title='bbox 1250 1078 1322 1140; x_wconf 86' lang='lat' dir='ltr'>sol-</span> 
     </span>
     <span class='ocr_line' id='line_1_7' title="bbox 331 1165 1321 1242; baseline 0.01 -23"><span class='ocrx_word' id='word_1_35' title='bbox 331 1177 407 1220; x_wconf 76' lang='grc'><strong>9999</strong></span> <span class='ocrx_word' id='word_1_36' title='bbox 423 1165 537 1240; x_wconf 82' lang='lat' dir='ltr'>polest,</span> <span class='ocrx_word' id='word_1_37' title='bbox 555 1174 573 1226; x_wconf 79' lang='lat' dir='ltr'>i.</span> <span class='ocrx_word' id='word_1_38' title='bbox 587 1185 611 1226; x_wconf 88' lang='lat' dir='ltr'><strong>c.</strong></span> <span class='ocrx_word' id='word_1_39' title='bbox 631 1171 799 1238; x_wconf 77' lang='grc'><strong>9111111,</strong></span> <span class='ocrx_word' id='word_1_40' title='bbox 818 1171 933 1242; x_wconf 71' lang='grc'><strong>99911.</strong></span> <span class='ocrx_word' id='word_1_41' title='bbox 954 1178 980 1227; x_wconf 86' lang='grc'><strong>91</strong></span> <span class='ocrx_word' id='word_1_42' title='bbox 1000 1171 1042 1226; x_wconf 84' lang='lat'><strong>12.</strong></span> <span class='ocrx_word' id='word_1_43' title='bbox 1062 1175 1184 1227; x_wconf 78' lang='grc'><strong>9911119919</strong></span> <span class='ocrx_word' id='word_1_44' title='bbox 1203 1179 1321 1229; x_wconf 78' lang='lat' dir='ltr'>nostroe·</span> 
     </span>
    </p>
   </div>
   <div class='ocr_carea' id='block_1_5' title="bbox 696 1253 797 1354">
    <p class='ocr_par' dir='ltr' id='par_1_5' title="bbox 696 1253 797 1354">
     <span class='ocr_line' id='line_1_8' title="bbox 696 1253 797 1354; baseline 0.02 -2"><span class='ocrx_word' id='word_1_45' title='bbox 696 1253 797 1354; x_wconf 78' lang='grc'><strong>919.</strong></span> 
     </span>
    </p>
   </div>
   <div class='ocr_carea' id='block_1_6' title="bbox 164 1397 1323 1776">
    <p class='ocr_par' dir='ltr' id='par_1_6' title="bbox 164 1397 1323 1776">
     <span class='ocr_line' id='line_1_9' title="bbox 268 1397 1321 1499; baseline 0.004 -27"><span class='ocrx_word' id='word_1_46' title='bbox 268 1403 299 1472; x_wconf 91' lang='lat' dir='ltr'><strong>l.</strong></span> <span class='ocrx_word' id='word_1_47' title='bbox 330 1397 371 1472; x_wconf 88' lang='lat' dir='ltr'>Si</span> <span class='ocrx_word' id='word_1_48' title='bbox 387 1399 470 1496; x_wconf 91' lang='lat' dir='ltr'>quis</span> <span class='ocrx_word' id='word_1_49' title='bbox 484 1399 633 1499; x_wconf 82' lang='lat' dir='ltr'>legibus</span> <span class='ocrx_word' id='word_1_50' title='bbox 654 1400 691 1473; x_wconf 92' lang='lat' dir='ltr'>in</span> <span class='ocrx_word' id='word_1_51' title='bbox 712 1399 915 1474; x_wconf 84' lang='lat' dir='ltr'>utilitatem</span> <span class='ocrx_word' id='word_1_52' title='bbox 931 1401 1033 1499; x_wconf 83' lang='lat' dir='ltr'>regis</span> <span class='ocrx_word' id='word_1_53' title='bbox 1053 1401 1134 1475; x_wconf 89' lang='lat' dir='ltr'>sive</span> <span class='ocrx_word' id='word_1_54' title='bbox 1154 1401 1191 1475; x_wconf 94' lang='lat' dir='ltr'>in</span> <span class='ocrx_word' id='word_1_55' title='bbox 1209 1401 1321 1476; x_wconf 87' lang='lat' dir='ltr'>hoste</span> 
     </span>
     <span class='ocr_line' id='line_1_10' title="bbox 164 1499 1321 1598; baseline 0.002 -24"><span class='ocrx_word' id='word_1_56' title='bbox 164 1523 233 1574; x_wconf 93' lang='lat' dir='ltr'><strong>seu</strong></span> <span class='ocrx_word' id='word_1_57' title='bbox 252 1499 289 1572; x_wconf 94' lang='lat' dir='ltr'>in</span> <span class='ocrx_word' id='word_1_58' title='bbox 309 1499 497 1598; x_wconf 89' lang='lat' dir='ltr'>reliquam</span> <span class='ocrx_word' id='word_1_59' title='bbox 516 1500 719 1576; x_wconf 78' lang='lat' dir='ltr'>utilitatem</span> <span class='ocrx_word' id='word_1_60' title='bbox 743 1502 919 1577; x_wconf 87' lang='lat' dir='ltr'>bannitus</span> <span class='ocrx_word' id='word_1_61' title='bbox 944 1503 1072 1598; x_wconf 89' lang='lat' dir='ltr'>fuerit,</span> <span class='ocrx_word' id='word_1_62' title='bbox 1101 1515 1140 1577; x_wconf 93' lang='lat' dir='ltr'><strong>et</strong></span> <span class='ocrx_word' id='word_1_63' title='bbox 1163 1501 1321 1576; x_wconf 87' lang='lat' dir='ltr'>minime</span> 
     </span>
     <span class='ocr_line' id='line_1_11' title="bbox 164 1599 1323 1699; baseline 0.003 -26"><span class='ocrx_word' id='word_1_64' title='bbox 164 1599 438 1698; x_wconf 75' lang='lat' dir='ltr'>adimpleverit,</span> <span class='ocrx_word' id='word_1_65' title='bbox 465 1601 496 1675; x_wconf 94' lang='lat' dir='ltr'>si</span> <span class='ocrx_word' id='word_1_66' title='bbox 518 1601 692 1699; x_wconf 80' lang='lat' dir='ltr'>egritudo</span> <span class='ocrx_word' id='word_1_67' title='bbox 713 1627 800 1676; x_wconf 90' lang='lat' dir='ltr'><strong>eum</strong></span> <span class='ocrx_word' id='word_1_68' title='bbox 819 1628 894 1677; x_wconf 92' lang='lat' dir='ltr'><strong>non</strong></span> <span class='ocrx_word' id='word_1_69' title='bbox 912 1603 1136 1699; x_wconf 89' lang='lat' dir='ltr'>detenuerit,</span> <span class='ocrx_word' id='word_1_70' title='bbox 1164 1605 1214 1678; x_wconf 81' lang='lat'><strong>60</strong></span> <span class='ocrx_word' id='word_1_71' title='bbox 1232 1602 1323 1678; x_wconf 91' lang='lat' dir='ltr'>soli·</span> 
     </span>
     <span class='ocr_line' id='line_1_12' title="bbox 164 1703 445 1776; baseline 0.007 -2"><span class='ocrx_word' id='word_1_72' title='bbox 164 1703 232 1776; x_wconf 83' lang='lat' dir='ltr'>d&#39;os</span> <span class='ocrx_word' id='word_1_73' title='bbox 254 1703 445 1776; x_wconf 89' lang='lat' dir='ltr'>multetur.</span> 
     </span>
    </p>
   </div>
   <div class='ocr_carea' id='block_1_7' title="bbox 163 1819 1423 2121">
    <p class='ocr_par' dir='ltr' id='par_1_7' title="bbox 163 1819 1423 2121">
     <span class='ocr_line' id='line_1_13' title="bbox 266 1819 1423 1922; baseline -0.002 -26"><span class='ocrx_word' id='word_1_74' title='bbox 266 1824 299 1896; x_wconf 86' lang='lat'><strong>2</strong></span> <span class='ocrx_word' id='word_1_75' title='bbox 331 1819 373 1893; x_wconf 88' lang='lat' dir='ltr'>Si</span> <span class='ocrx_word' id='word_1_76' title='bbox 393 1832 520 1895; x_wconf 87' lang='lat' dir='ltr'>autem</span> <span class='ocrx_word' id='word_1_77' title='bbox 533 1823 726 1897; x_wconf 90' lang='lat' dir='ltr'>Romanus</span> <span class='ocrx_word' id='word_1_78' title='bbox 742 1833 806 1896; x_wconf 89' lang='lat' dir='ltr'><strong>aut</strong></span> <span class='ocrx_word' id='word_1_79' title='bbox 821 1823 1104 1898; x_wconf 91' lang='lat' dir='ltr'>ecclesiasticus</span> <span class='ocrx_word' id='word_1_80' title='bbox 1117 1821 1178 1896; x_wconf 89' lang='lat' dir='ltr'><strong>vel</strong></span> <span class='ocrx_word' id='word_1_81' title='bbox 1192 1821 1321 1922; x_wconf 86' lang='grc'><strong>999199</strong></span> <span class='ocrx_word' id='word_1_82' title='bbox 1338 1863 1361 1907; x_wconf 66' lang='grc' dir='ltr'><strong>ρ.</strong></span> <span class='ocrx_word' id='word_1_83' title='bbox 1370 1847 1423 1896; x_wconf 83' lang='grc'><strong>999.</strong></span> 
     </span>
     <span class='ocr_line' id='line_1_14' title="bbox 163 1921 1321 2022; baseline 0.002 -28"><span class='ocrx_word' id='word_1_84' title='bbox 163 1922 279 1994; x_wconf 88' lang='grc'><strong>199999</strong></span> <span class='ocrx_word' id='word_1_85' title='bbox 303 1921 377 1996; x_wconf 90' lang='grc'><strong>1999</strong></span> <span class='ocrx_word' id='word_1_86' title='bbox 400 1922 534 1996; x_wconf 87' lang='grc'><strong>1999911</strong></span> <span class='ocrx_word' id='word_1_87' title='bbox 535 1923 823 2022; x_wconf 90' lang='lat' dir='ltr'>,unusquisque</span> <span class='ocrx_word' id='word_1_88' title='bbox 845 1936 975 1999; x_wconf 89' lang='lat' dir='ltr'>contra</span> <span class='ocrx_word' id='word_1_89' title='bbox 996 1934 1191 1997; x_wconf 83' lang='lat' dir='ltr'>auctorem</span> <span class='ocrx_word' id='word_1_90' title='bbox 1211 1947 1321 1996; x_wconf 91' lang='lat' dir='ltr'>suum</span> 
     </span>
     <span class='ocr_line' id='line_1_15' title="bbox 166 1978 813 2121; baseline 0.006 -25"><span class='ocrx_word' id='word_1_91' title='bbox 166 2025 214 2096; x_wconf 89' lang='grc'><strong>30</strong></span> <span class='ocrx_word' id='word_1_92' title='bbox 232 2023 375 2097; x_wconf 84' lang='lat' dir='ltr'>solidos</span> <span class='ocrx_word' id='word_1_93' title='bbox 396 1978 595 2121; x_wconf 89' lang='lat' dir='ltr'>culpabilis</span> <span class='ocrx_word' id='word_1_94' title='bbox 615 2024 813 2100; x_wconf 90' lang='lat' dir='ltr'>iudicetur</span> 
     </span>
    </p>
   </div>
   <div class='ocr_carea' id='block_1_8' title="bbox 166 2141 1323 2744">
    <p class='ocr_par' dir='ltr' id='par_1_8' title="bbox 166 2141 1323 2744">
     <span class='ocr_line' id='line_1_16' title="bbox 270 2141 1322 2243; baseline 0.001 -28"><span class='ocrx_word' id='word_1_95' title='bbox 270 2145 303 2215; x_wconf 88' lang='lat'><strong>3</strong></span> <span class='ocrx_word' id='word_1_96' title='bbox 349 2141 390 2216; x_wconf 90' lang='lat' dir='ltr'>Si</span> <span class='ocrx_word' id='word_1_97' title='bbox 423 2142 505 2241; x_wconf 91' lang='lat' dir='ltr'>quis</span> <span class='ocrx_word' id='word_1_98' title='bbox 536 2143 761 2242; x_wconf 82' lang='lat' dir='ltr'>legatariam</span> <span class='ocrx_word' id='word_1_99' title='bbox 794 2142 992 2243; x_wconf 82' lang='grc'><strong>99999991</strong></span> <span class='ocrx_word' id='word_1_100' title='bbox 1020 2146 1065 2216; x_wconf 93' lang='lat' dir='ltr'><strong>ad</strong></span> <span class='ocrx_word' id='word_1_101' title='bbox 1093 2168 1223 2242; x_wconf 82' lang='lat' dir='ltr'>regem</span> <span class='ocrx_word' id='word_1_102' title='bbox 1254 2166 1322 2216; x_wconf 91' lang='grc'><strong>999</strong></span> 
     </span>
     <span class='ocr_line' id='line_1_17' title="bbox 167 2242 1323 2358; baseline 0 -44"><span class='ocrx_word' id='word_1_103' title='bbox 167 2242 204 2314; x_wconf 84' lang='grc'><strong>19</strong></span> <span class='ocrx_word' id='word_1_104' title='bbox 224 2242 427 2318; x_wconf 87' lang='lat' dir='ltr'>utilitatem</span> <span class='ocrx_word' id='word_1_105' title='bbox 445 2269 558 2358; x_wconf 86' lang='grc'><strong>99999</strong></span> <span class='ocrx_word' id='word_1_106' title='bbox 579 2256 803 2359; x_wconf 78' lang='lat' dir='ltr'>pergentem</span> <span class='ocrx_word' id='word_1_107' title='bbox 825 2244 995 2342; x_wconf 91' lang='lat' dir='ltr'>hospicio</span> <span class='ocrx_word' id='word_1_108' title='bbox 1015 2243 1212 2342; x_wconf 84' lang='lat' dir='ltr'>suscipere</span> <span class='ocrx_word' id='word_1_109' title='bbox 1236 2268 1323 2316; x_wconf 92' lang='lat' dir='ltr'><strong>con·</strong></span> 
     </span>
     <span class='ocr_line' id='line_1_18' title="bbox 166 2344 1322 2443; baseline 0.002 -27"><span class='ocrx_word' id='word_1_110' title='bbox 166 2345 388 2442; x_wconf 72' lang='lat' dir='ltr'>tempserit,</span> <span class='ocrx_word' id='word_1_111' title='bbox 435 2344 508 2418; x_wconf 92' lang='lat' dir='ltr'>nisi</span> <span class='ocrx_word' id='word_1_112' title='bbox 546 2347 732 2419; x_wconf 90' lang='lat' dir='ltr'>emunitas</span> <span class='ocrx_word' id='word_1_113' title='bbox 768 2345 871 2443; x_wconf 80' lang='lat' dir='ltr'>regis</span> <span class='ocrx_word' id='word_1_114' title='bbox 924 2346 997 2418; x_wconf 90' lang='lat' dir='ltr'><strong>hoc</strong></span> <span class='ocrx_word' id='word_1_115' title='bbox 1042 2344 1322 2439; x_wconf 75' lang='lat' dir='ltr'>contradixerit,</span> 
     </span>
     <span class='ocr_line' id='line_1_19' title="bbox 167 2444 1323 2544; baseline 0 -26"><span class='ocrx_word' id='word_1_116' title='bbox 167 2447 215 2519; x_wconf 89' lang='grc'><strong>60</strong></span> <span class='ocrx_word' id='word_1_117' title='bbox 232 2444 370 2518; x_wconf 90' lang='lat' dir='ltr'>solidos</span> <span class='ocrx_word' id='word_1_118' title='bbox 390 2445 590 2542; x_wconf 90' lang='lat' dir='ltr'>culpabilis</span> <span class='ocrx_word' id='word_1_119' title='bbox 610 2445 808 2519; x_wconf 89' lang='lat' dir='ltr'>iudicetur</span> <span class='ocrx_word' id='word_1_120' title='bbox 849 2447 926 2518; x_wconf 85' lang='lat' dir='ltr'><strong>Aut</strong></span> <span class='ocrx_word' id='word_1_121' title='bbox 952 2445 984 2518; x_wconf 91' lang='lat' dir='ltr'>si</span> <span class='ocrx_word' id='word_1_122' title='bbox 1012 2445 1161 2544; x_wconf 84' lang='grc'><strong>999199,</strong></span> <span class='ocrx_word' id='word_1_123' title='bbox 1187 2445 1323 2518; x_wconf 84' lang='lat' dir='ltr'>Roma·</span> 
     </span>
     <span class='ocr_line' id='line_1_20' title="bbox 166 2545 1322 2645; baseline 0.002 -27"><span class='ocrx_word' id='word_1_124' title='bbox 166 2570 235 2618; x_wconf 91' lang='lat' dir='ltr'><strong>nus</strong></span> <span class='ocrx_word' id='word_1_125' title='bbox 261 2556 328 2619; x_wconf 89' lang='lat' dir='ltr'><strong>aut</strong></span> <span class='ocrx_word' id='word_1_126' title='bbox 353 2546 632 2620; x_wconf 88' lang='lat' dir='ltr'>ecclesiasticus</span> <span class='ocrx_word' id='word_1_127' title='bbox 658 2547 774 2619; x_wconf 92' lang='lat' dir='ltr'>homo</span> <span class='ocrx_word' id='word_1_128' title='bbox 801 2548 874 2620; x_wconf 94' lang='lat' dir='ltr'><strong>hoc</strong></span> <span class='ocrx_word' id='word_1_129' title='bbox 893 2546 1038 2642; x_wconf 83' lang='lat' dir='ltr'>fecerit,</span> <span class='ocrx_word' id='word_1_130' title='bbox 1066 2545 1322 2645; x_wconf 88' lang='lat' dir='ltr'>unusquisque</span> 
     </span>
     <span class='ocr_line' id='line_1_21' title="bbox 167 2646 1323 2744; baseline 0 -24"><span class='ocrx_word' id='word_1_131' title='bbox 167 2657 295 2720; x_wconf 91' lang='lat' dir='ltr'>contra</span> <span class='ocrx_word' id='word_1_132' title='bbox 321 2657 516 2720; x_wconf 87' lang='lat' dir='ltr'>auctorem</span> <span class='ocrx_word' id='word_1_133' title='bbox 539 2671 649 2721; x_wconf 89' lang='lat' dir='ltr'>suum</span> <span class='ocrx_word' id='word_1_134' title='bbox 668 2649 717 2723; x_wconf 89' lang='lat'><strong>30</strong></span> <span class='ocrx_word' id='word_1_135' title='bbox 736 2647 879 2723; x_wconf 93' lang='lat' dir='ltr'>solidos</span> <span class='ocrx_word' id='word_1_136' title='bbox 900 2646 1100 2744; x_wconf 89' lang='lat' dir='ltr'>culpabilis</span> <span class='ocrx_word' id='word_1_137' title='bbox 1125 2646 1323 2721; x_wconf 87' lang='lat' dir='ltr'>iudicetur.</span> 
     </span>
    </p>
   </div>
   <div class='ocr_carea' id='block_1_9' title="bbox 642 2948 848 3022">
    <p class='ocr_par' dir='ltr' id='par_1_9' title="bbox 642 2948 848 3022">
     <span class='ocr_line' id='line_1_22' title="bbox 642 2948 848 3022; baseline 0 -2"><span class='ocrx_word' id='word_1_138' title='bbox 642 2966 666 3020; x_wconf 85' lang='grc'><strong>9</strong></span> <span class='ocrx_word' id='word_1_139' title='bbox 683 2966 784 3022; x_wconf 86' lang='grc'><strong>9999</strong></span> <span class='ocrx_word' id='word_1_140' title='bbox 805 2948 848 3020; x_wconf 93' lang='grc' dir='ltr'><strong>Β.</strong></span> 
     </span>
    </p>
   </div>
   <div class='ocr_carea' id='block_1_10' title="bbox 164 3082 1325 3396">
    <p class='ocr_par' dir='ltr' id='par_1_10' title="bbox 164 3082 1325 3314">
     <span class='ocr_line' id='line_1_23' title="bbox 165 3082 1323 3167; baseline 0.001 -23"><span class='ocrx_word' id='word_1_141' title='bbox 165 3089 238 3163; x_wconf 83' lang='grc'><strong>9991</strong></span> <span class='ocrx_word' id='word_1_142' title='bbox 271 3090 430 3145; x_wconf 85' lang='lat' dir='ltr'>auctorem</span> <span class='ocrx_word' id='word_1_143' title='bbox 467 3091 498 3144; x_wconf 91' lang='grc'><strong>91</strong></span> <span class='ocrx_word' id='word_1_144' title='bbox 532 3083 689 3167; x_wconf 81' lang='lat' dir='ltr'>sauguinis</span> <span class='ocrx_word' id='word_1_145' title='bbox 726 3084 879 3145; x_wconf 81' lang='lat' dir='ltr'>effusores</span> <span class='ocrx_word' id='word_1_146' title='bbox 912 3083 963 3143; x_wconf 87' lang='lat' dir='ltr'><strong>vel</strong></span> <span class='ocrx_word' id='word_1_147' title='bbox 998 3089 1071 3162; x_wconf 92' lang='lat' dir='ltr'>post</span> <span class='ocrx_word' id='word_1_148' title='bbox 1103 3087 1168 3143; x_wconf 90' lang='lat' dir='ltr'>tres</span> <span class='ocrx_word' id='word_1_149' title='bbox 1201 3082 1323 3162; x_wconf 85' lang='lat' dir='ltr'>priores</span> 
     </span>
     <span class='ocr_line' id='line_1_24' title="bbox 164 3165 1325 3266; baseline 0.002 -39"><span class='ocrx_word' id='word_1_150' title='bbox 164 3165 287 3240; x_wconf 88' lang='lat' dir='ltr'>fuerint,</span> <span class='ocrx_word' id='word_1_151' title='bbox 317 3166 530 3266; x_wconf 82' lang='lat' dir='ltr'>unusquisque</span> <span class='ocrx_word' id='word_1_152' title='bbox 562 3172 600 3234; x_wconf 85' lang='lat'><strong>15</strong></span> <span class='ocrx_word' id='word_1_153' title='bbox 623 3167 731 3229; x_wconf 89' lang='lat' dir='ltr'>solidis</span> <span class='ocrx_word' id='word_1_154' title='bbox 762 3165 924 3242; x_wconf 89' lang='lat' dir='ltr'>multetur,</span> <span class='ocrx_word' id='word_1_155' title='bbox 947 3172 978 3227; x_wconf 88' lang='lat' dir='ltr'><strong>et</strong></span> <span class='ocrx_word' id='word_1_156' title='bbox 1000 3165 1147 3246; x_wconf 89' lang='lat' dir='ltr'>quicquid</span> <span class='ocrx_word' id='word_1_157' title='bbox 1174 3165 1217 3227; x_wconf 89' lang='lat' dir='ltr'><strong>ibi</strong></span> <span class='ocrx_word' id='word_1_158' title='bbox 1239 3168 1325 3229; x_wconf 87' lang='lat' dir='ltr'>tala-</span> 
     </span>
     <span class='ocr_line' id='line_1_25' title="bbox 165 3251 476 3324; baseline 0.003 -12"><span class='ocrx_word' id='word_1_159' title='bbox 165 3251 277 3324; x_wconf 86' lang='lat' dir='ltr'>verint,</span> <span class='ocrx_word' id='word_1_160' title='bbox 299 3251 476 3314; x_wconf 86' lang='lat' dir='ltr'>restituant.</span> 
     </span>
    </p>

    <p class='ocr_par' dir='ltr' id='par_1_11' title="bbox 683 3333 804 3396">
     <span class='ocr_line' id='line_1_26' title="bbox 683 3333 804 3396; baseline 0.008 -1"><span class='ocrx_word' id='word_1_161' title='bbox 683 3333 804 3396; x_wconf 87' lang='lat' dir='ltr'>LXVll.</span> 
     </span>
    </p>
   </div>
   <div class='ocr_carea' id='block_1_11' title="bbox 383 3435 1102 3518">
    <p class='ocr_par' dir='ltr' id='par_1_12' title="bbox 383 3435 1102 3518">
     <span class='ocr_line' id='line_1_27' title="bbox 383 3435 1102 3518; baseline -0.003 -19"><span class='ocrx_word' id='word_1_162' title='bbox 383 3439 434 3499; x_wconf 89' lang='lat' dir='ltr'><strong>De</strong></span> <span class='ocrx_word' id='word_1_163' title='bbox 457 3455 502 3499; x_wconf 91' lang='lat' dir='ltr'><strong>co</strong></span> <span class='ocrx_word' id='word_1_164' title='bbox 524 3436 588 3518; x_wconf 86' lang='lat' dir='ltr'>qui</span> <span class='ocrx_word' id='word_1_165' title='bbox 610 3439 778 3498; x_wconf 88' lang='lat' dir='ltr'>bannum</span> <span class='ocrx_word' id='word_1_166' title='bbox 803 3453 877 3496; x_wconf 92' lang='grc'><strong>999</strong></span> <span class='ocrx_word' id='word_1_167' title='bbox 900 3435 1102 3516; x_wconf 86' lang='lat' dir='ltr'>adimplet.</span> 
     </span>
    </p>
   </div>
   <div class='ocr_carea' id='block_1_12' title="bbox 165 3536 1323 3790">
    <p class='ocr_par' dir='ltr' id='par_1_13' title="bbox 165 3536 1323 3790">
     <span class='ocr_line' id='line_1_28' title="bbox 274 3536 1323 3620; baseline -0.005 -16"><span class='ocrx_word' id='word_1_168' title='bbox 274 3543 301 3604; x_wconf 93' lang='grc'><strong>1.</strong></span> <span class='ocrx_word' id='word_1_169' title='bbox 346 3539 378 3600; x_wconf 92' lang='lat' dir='ltr'>Si</span> <span class='ocrx_word' id='word_1_170' title='bbox 405 3539 473 3620; x_wconf 91' lang='lat' dir='ltr'>quis</span> <span class='ocrx_word' id='word_1_171' title='bbox 502 3537 622 3620; x_wconf 74' lang='lat' dir='ltr'>legibus</span> <span class='ocrx_word' id='word_1_172' title='bbox 643 3537 674 3598; x_wconf 92' lang='grc'><strong>19</strong></span> <span class='ocrx_word' id='word_1_173' title='bbox 697 3537 860 3601; x_wconf 86' lang='lat' dir='ltr'>utilitatem</span> <span class='ocrx_word' id='word_1_174' title='bbox 883 3536 965 3618; x_wconf 88' lang='grc'><strong>99919</strong></span> <span class='ocrx_word' id='word_1_175' title='bbox 995 3536 1114 3600; x_wconf 86' lang='lat' dir='ltr'>sivein</span> <span class='ocrx_word' id='word_1_176' title='bbox 1143 3537 1235 3600; x_wconf 89' lang='grc'><strong>199919</strong></span> <span class='ocrx_word' id='word_1_177' title='bbox 1258 3537 1323 3600; x_wconf 86' lang='grc'><strong>9199</strong></span> 
     </span>
     <span class='ocr_line' id='line_1_29' title="bbox 165 3620 1323 3704; baseline 0 -20"><span class='ocrx_word' id='word_1_178' title='bbox 165 3622 197 3684; x_wconf 92' lang='grc'><strong>19</strong></span> <span class='ocrx_word' id='word_1_179' title='bbox 225 3622 379 3704; x_wconf 88' lang='lat' dir='ltr'>reliquam</span> <span class='ocrx_word' id='word_1_180' title='bbox 403 3623 567 3684; x_wconf 88' lang='lat' dir='ltr'>utilitatem</span> <span class='ocrx_word' id='word_1_181' title='bbox 590 3621 736 3684; x_wconf 87' lang='lat' dir='ltr'>bannitus</span> <span class='ocrx_word' id='word_1_182' title='bbox 757 3622 860 3696; x_wconf 88' lang='grc'><strong>199911,</strong></span> <span class='ocrx_word' id='word_1_183' title='bbox 891 3627 924 3683; x_wconf 87' lang='grc'><strong>91</strong></span> <span class='ocrx_word' id='word_1_184' title='bbox 946 3620 1072 3683; x_wconf 89' lang='lat' dir='ltr'>minime</span> <span class='ocrx_word' id='word_1_185' title='bbox 1095 3621 1323 3701; x_wconf 85' lang='lat' dir='ltr'>adimpleverit,</span> 
     </span>
     <span class='ocr_line' id='line_1_30' title="bbox 166 3704 1123 3790; baseline -0.003 -20"><span class='ocrx_word' id='word_1_186' title='bbox 166 3706 193 3770; x_wconf 89' lang='lat' dir='ltr'>si</span> <span class='ocrx_word' id='word_1_187' title='bbox 214 3707 357 3790; x_wconf 77' lang='lat' dir='ltr'>egritudo</span> <span class='ocrx_word' id='word_1_188' title='bbox 380 3725 451 3768; x_wconf 89' lang='grc'><strong>9999</strong></span> <span class='ocrx_word' id='word_1_189' title='bbox 473 3726 537 3768; x_wconf 90' lang='grc'><strong>999</strong></span> <span class='ocrx_word' id='word_1_190' title='bbox 562 3706 748 3778; x_wconf 87' lang='grc'><strong>(1919999911,</strong></span> <span class='ocrx_word' id='word_1_191' title='bbox 766 3710 811 3774; x_wconf 87' lang='grc'><strong>60</strong></span> <span class='ocrx_word' id='word_1_192' title='bbox 833 3704 943 3768; x_wconf 91' lang='lat' dir='ltr'>solidis</span> <span class='ocrx_word' id='word_1_193' title='bbox 966 3707 1123 3768; x_wconf 87' lang='lat' dir='ltr'>multetur.</span> 
     </span>
    </p>
   </div>
   <div class='ocr_carea' id='block_1_13' title="bbox 271 3807 1545 3906">
    <p class='ocr_par' dir='ltr' id='par_1_14' title="bbox 271 3807 1545 3906">
     <span class='ocr_line' id='line_1_31' title="bbox 271 3807 1545 3906; baseline -0.002 -32"><span class='ocrx_word' id='word_1_194' title='bbox 271 3813 302 3874; x_wconf 79' lang='grc'><strong>2.</strong></span> <span class='ocrx_word' id='word_1_195' title='bbox 338 3807 1419 3906; x_wconf 57' lang='grc'><strong>8199199919999999919991991991199999199919999999199</strong></span> <span class='ocrx_word' id='word_1_196' title='bbox 1544 3833 1545 3886; x_wconf 59' lang='grc' dir='ltr'>ῑ</span> 
     </span>
    </p>
   </div>
   <div class='ocr_carea' id='block_1_14' title="bbox 165 3891 1324 4056">
    <p class='ocr_par' dir='ltr' id='par_1_15' title="bbox 165 3891 1324 4056">
     <span class='ocr_line' id='line_1_32' title="bbox 165 3891 1324 3975; baseline -0.002 -21"><span class='ocrx_word' id='word_1_197' title='bbox 165 3893 226 3955; x_wconf 86' lang='grc'><strong>1999</strong></span> <span class='ocrx_word' id='word_1_198' title='bbox 256 3893 375 3966; x_wconf 80' lang='lat' dir='ltr'>fecerit,</span> <span class='ocrx_word' id='word_1_199' title='bbox 406 3893 621 3975; x_wconf 87' lang='grc'><strong>99999919999</strong></span> <span class='ocrx_word' id='word_1_200' title='bbox 651 3901 761 3956; x_wconf 85' lang='grc'><strong>999199</strong></span> <span class='ocrx_word' id='word_1_201' title='bbox 783 3901 923 3955; x_wconf 90' lang='lat' dir='ltr'>actorem</span> <span class='ocrx_word' id='word_1_202' title='bbox 946 3913 1036 3954; x_wconf 87' lang='lat' dir='ltr'>suum</span> <span class='ocrx_word' id='word_1_203' title='bbox 1058 3893 1099 3958; x_wconf 90' lang='lat'><strong>30</strong></span> <span class='ocrx_word' id='word_1_204' title='bbox 1123 3891 1230 3954; x_wconf 88' lang='lat' dir='ltr'>solidis</span> <span class='ocrx_word' id='word_1_205' title='bbox 1253 3891 1324 3953; x_wconf 90' lang='lat' dir='ltr'>cul-</span> 
     </span>
     <span class='ocr_line' id='line_1_33' title="bbox 167 3977 463 4056; baseline 0 -18"><span class='ocrx_word' id='word_1_206' title='bbox 167 3977 278 4056; x_wconf 87' lang='lat' dir='ltr'>pabilis</span> <span class='ocrx_word' id='word_1_207' title='bbox 300 3977 463 4040; x_wconf 89' lang='lat' dir='ltr'>iudicetur.</span> 
     </span>
    </p>
   </div>
   <div class='ocr_carea' id='block_1_15' title="bbox 167 4077 1323 4496">
    <p class='ocr_par' dir='ltr' id='par_1_16' title="bbox 167 4077 1323 4496">
     <span class='ocr_line' id='line_1_34' title="bbox 271 4077 1323 4178; baseline -0.007 -33"><span class='ocrx_word' id='word_1_208' title='bbox 271 4081 301 4145; x_wconf 85' lang='lat'><strong>3.</strong></span> <span class='ocrx_word' id='word_1_209' title='bbox 339 4079 371 4140; x_wconf 89' lang='lat' dir='ltr'>Si</span> <span class='ocrx_word' id='word_1_210' title='bbox 401 4080 470 4178; x_wconf 89' lang='grc'><strong>9919</strong></span> <span class='ocrx_word' id='word_1_211' title='bbox 497 4086 600 4142; x_wconf 87' lang='lat' dir='ltr'>autem</span> <span class='ocrx_word' id='word_1_212' title='bbox 629 4078 815 4160; x_wconf 86' lang='lat' dir='ltr'>legatarium</span> <span class='ocrx_word' id='word_1_213' title='bbox 842 4078 924 4176; x_wconf 88' lang='grc'><strong>99919</strong></span> <span class='ocrx_word' id='word_1_214' title='bbox 950 4078 1062 4140; x_wconf 89' lang='lat' dir='ltr'>velad</span> <span class='ocrx_word' id='word_1_215' title='bbox 1084 4096 1191 4157; x_wconf 88' lang='grc'><strong>999999</strong></span> <span class='ocrx_word' id='word_1_216' title='bbox 1214 4077 1323 4139; x_wconf 87' lang='lat' dir='ltr'>souin</span> 
     </span>
     <span class='ocr_line' id='line_1_35' title="bbox 167 4161 1323 4262; baseline -0.002 -39"><span class='ocrx_word' id='word_1_217' title='bbox 167 4162 330 4226; x_wconf 87' lang='lat' dir='ltr'>utilitatem</span> <span class='ocrx_word' id='word_1_218' title='bbox 354 4165 435 4262; x_wconf 88' lang='grc'><strong>99919</strong></span> <span class='ocrx_word' id='word_1_219' title='bbox 458 4172 641 4245; x_wconf 81' lang='lat' dir='ltr'>pergentem</span> <span class='ocrx_word' id='word_1_220' title='bbox 662 4162 801 4243; x_wconf 90' lang='lat' dir='ltr'>hospitio</span> <span class='ocrx_word' id='word_1_221' title='bbox 824 4161 982 4243; x_wconf 91' lang='lat' dir='ltr'>suscipere</span> <span class='ocrx_word' id='word_1_222' title='bbox 1004 4162 1237 4242; x_wconf 86' lang='lat' dir='ltr'>contempserit,</span> <span class='ocrx_word' id='word_1_223' title='bbox 1263 4161 1323 4224; x_wconf 91' lang='grc'><strong>9191</strong></span> 
     </span>
     <span class='ocr_line' id='line_1_36' title="bbox 168 4244 1321 4345; baseline -0.002 -38"><span class='ocrx_word' id='word_1_224' title='bbox 168 4247 320 4310; x_wconf 88' lang='lat' dir='ltr'>emunitas</span> <span class='ocrx_word' id='word_1_225' title='bbox 341 4247 424 4345; x_wconf 86' lang='grc'><strong>99919</strong></span> <span class='ocrx_word' id='word_1_226' title='bbox 446 4247 509 4310; x_wconf 87' lang='grc'><strong>1999</strong></span> <span class='ocrx_word' id='word_1_227' title='bbox 531 4247 765 4320; x_wconf 79' lang='lat' dir='ltr'>contradixerit,</span> <span class='ocrx_word' id='word_1_228' title='bbox 787 4247 829 4312; x_wconf 81' lang='lat'><strong>60</strong></span> <span class='ocrx_word' id='word_1_229' title='bbox 844 4245 952 4309; x_wconf 87' lang='lat' dir='ltr'>solidis</span> <span class='ocrx_word' id='word_1_230' title='bbox 975 4244 1137 4326; x_wconf 87' lang='lat' dir='ltr'>culpabilis</span> <span class='ocrx_word' id='word_1_231' title='bbox 1159 4244 1321 4308; x_wconf 84' lang='lat' dir='ltr'>iudicetur.</span> 
     </span>
     <span class='ocr_line' id='line_1_37' title="bbox 168 4292 1323 4412; baseline 0 -22"><span class='ocrx_word' id='word_1_232' title='bbox 168 4331 267 4391; x_wconf 79' lang='lat' dir='ltr'><strong>Aut</strong></span> <span class='ocrx_word' id='word_1_233' title='bbox 242 4351 269 4391; x_wconf 91' lang='grc'><strong>99</strong></span> <span class='ocrx_word' id='word_1_234' title='bbox 283 4331 399 4412; x_wconf 85' lang='grc'><strong>999199,</strong></span> <span class='ocrx_word' id='word_1_235' title='bbox 414 4333 574 4394; x_wconf 88' lang='lat' dir='ltr'>Romanus</span> <span class='ocrx_word' id='word_1_236' title='bbox 590 4339 644 4408; x_wconf 85' lang='lat' dir='ltr'><strong>aut</strong></span> <span class='ocrx_word' id='word_1_237' title='bbox 659 4292 888 4394; x_wconf 85' lang='lat' dir='ltr'>ecclesiasticus</span> <span class='ocrx_word' id='word_1_238' title='bbox 902 4329 1000 4391; x_wconf 93' lang='lat' dir='ltr'>homo</span> <span class='ocrx_word' id='word_1_239' title='bbox 1011 4330 1074 4390; x_wconf 94' lang='lat' dir='ltr'><strong>hoc</strong></span> <span class='ocrx_word' id='word_1_240' title='bbox 1088 4328 1207 4400; x_wconf 87' lang='lat' dir='ltr'>feccrit,</span> <span class='ocrx_word' id='word_1_241' title='bbox 1222 4349 1323 4390; x_wconf 89' lang='lat' dir='ltr'>unus-</span> 
     </span>
     <span class='ocr_line' id='line_1_38' title="bbox 169 4413 1081 4496; baseline -0.003 -21"><span class='ocrx_word' id='word_1_242' title='bbox 169 4415 300 4496; x_wconf 85' lang='lat' dir='ltr'>quisque</span> <span class='ocrx_word' id='word_1_243' title='bbox 322 4420 432 4477; x_wconf 86' lang='lat' dir='ltr'>contra</span> <span class='ocrx_word' id='word_1_244' title='bbox 455 4422 593 4478; x_wconf 90' lang='lat' dir='ltr'>actorem</span> <span class='ocrx_word' id='word_1_245' title='bbox 616 4435 705 4478; x_wconf 91' lang='lat' dir='ltr'>suum</span> <span class='ocrx_word' id='word_1_246' title='bbox 729 4417 771 4481; x_wconf 85' lang='lat'><strong>30</strong></span> <span class='ocrx_word' id='word_1_247' title='bbox 793 4413 902 4477; x_wconf 87' lang='lat' dir='ltr'>solidis</span> <span class='ocrx_word' id='word_1_248' title='bbox 925 4414 1081 4476; x_wconf 87' lang='lat' dir='ltr'>multetur.</span> 
     </span>
    </p>
   </div>
   <div class='ocr_carea' id='block_1_16' title="bbox 0 0 1566 5232">
    <p class='ocr_par' dir='ltr' id='par_1_17' title="bbox 0 0 1566 5232">
     <span class='ocr_line' id='line_1_39' title="bbox 0 0 1566 5232; baseline 0 0"><span class='ocrx_word' id='word_1_249' title='bbox 0 0 1566 5232; x_wconf 95' lang='lat' dir='ltr'><strong> </strong></span> 
     </span>
    </p>
   </div>
  </div>
 </body>
</html>
