3090 5258
559 461 636 517 LEX
655 459 841 518 uincente.

602 653 744 711 acono.
763 638 803 711 A.

2 777 3 838 ἓ
119 777 327 871 iudicetur,
361 787 397 850 et
429 776 585 874 insuper
612 776 772 875 capitale
801 787 838 850 et
857 776 1058 850 dilaturam
1090 777 1277 853 restituat.

2 883 3 904 ¹
119 878 222 958 Etsi
245 878 453 952 multorum
475 877 575 952 servi
598 878 756 976 fuerint,
783 877 1042 977 unusquisque
1056 904 1126 979 per
1140 891 1279 954 semet-

2 1001 3 1008 ’
120 981 246 1080 ipsum
275 978 453 1055 similiter
478 977 630 1054 sanant
667 981 743 1053 Aut
768 979 802 1054 si
830 979 1076 1079 negaverint,
1101 980 1277 1056 dominus

123 1107 256 1158 eorum
276 1105 362 1156 oum
381 1106 448 1156 serr
467 1080 567 1154 iurit.

223 1206 255 1276 3.
296 1201 335 1276 Si
362 1201 477 1274 homo
511 1199 793 1274 ecclesiasticus
829 1210 895 1274 aut
921 1198 1051 1299 regius
1078 1200 1152 1275 hoo
1179 1201 1278 1275 fece·

119 1303 215 1398 rint,
248 1301 492 1376 medietatem
526 1301 830 1400 conpositionem
855 1301 1083 1375 Francorum
1109 1300 1279 1402 culpabi-

120 1404 168 1478 lis
187 1403 388 1478 indicetur.
424 1403 499 1476 Aut
518 1403 550 1478 si
569 1403 778 1502 negaverit,
795 1422 885 1476 cum
905 1407 953 1479 33
972 1401 1073 1476 iurit.

656 1577 746 1651 XIX.

224 1703 255 1772 1.
275 1696 315 1772 si
339 1696 526 1796 ingenuos
554 1721 665 1771 servo
697 1696 773 1770 ictu
795 1695 1038 1796 percusserit,
1064 1708 1105 1771 ut
1120 1699 1277 1798 sanguis

120 1824 194 1873 non
221 1799 341 1894 exiat,
370 1823 491 1897 usque
519 1808 647 1872 ternos
667 1797 799 1896 colpus
834 1796 1006 1897 singulos
1026 1797 1171 1874 solidos
1192 1823 1278 1873 con·

2 1981 3 1986 ,
120 1912 245 2000 ponat.
281 1900 355 1974 Aut
374 1899 407 1974 si
426 1898 636 1999 negaverit,
657 1924 742 1972 curn
762 1901 784 1972 6
804 1897 904 1973 iurit.

221 2021 255 2095 2.
289 2018 330 2093 Si
347 2021 464 2094 honio
484 2018 768 2094 ecclesiasticus
796 2029 862 2093 aut
883 2018 1013 2117 regius
1039 2020 1113 2094 hoc
1131 2021 1278 2118 fecerit,

120 2123 141 2196 3
161 2121 306 2196 solidos
327 2117 524 2219 culpabilis
544 2120 741 2216 iudicetur,
760 2131 825 2194 aut
845 2144 930 2194 cum
946 2145 1017 2196 sex
1035 2119 1144 2196 iuret.

221 2245 255 2316 3.
292 2240 399 2330 Quod
435 2239 466 2315 si
503 2265 636 2315 servus
667 2240 820 2314 homine
854 2240 962 2339 regio
999 2251 1065 2314 aut
1099 2241 1279 2316 ecclesia·

120 2341 215 2416 stico
242 2341 303 2415 vel
329 2342 472 2416 Franco
497 2343 571 2416 hoc
599 2341 753 2438 fecerit,
786 2367 855 2441 per
873 2353 1001 2416 ternos
1018 2341 1117 2416 ictos
1145 2346 1166 2416 3
1190 2341 1279 2416 soli-

120 2443 189 2558 tios
216 2451 415 2541 conponat.
452 2443 527 2517 Aut
546 2443 578 2518 si
599 2442 809 2543 negaverit,
836 2441 1011 2516 dominus
1030 2443 1112 2516 eius
1149 2467 1235 2516 curn
1255 2446 1277 2518 6

121 2555 219 2619 rurrt.

604 2726 629 2780 u
647 2725 750 2782 cono.
769 2708 812 2780 B.

2 2833 3 2860 ³
120 2850 223 2917 cetur,
252 2848 284 2904 et
312 2843 441 2924 iusuper
462 2843 597 2925 capitale
627 2851 659 2905 et
685 2843 853 2906 dilaturam
882 2841 1035 2906 restituat.
1079 2843 1118 2904 ut
1144 2841 1169 2904 si
1193 2842 1279 2904 mul-

2 2933 3 3002 ]
119 2935 222 2990 torum
238 2927 322 2991 servi
337 2927 461 3006 inerint,
484 2928 699 3009 unusquisque
721 2948 779 3008 per
801 2926 1002 3006 semetipsum
1018 2926 1160 2990 similiter
1173 2925 1278 2990 iaciat.

2 3007 3 3094 i
119 3015 179 3075 Aut
201 3010 228 3073 si
250 3013 443 3094 negaverint,
466 3011 584 3074 domini
607 3027 718 3074 eorum
742 3030 811 3074 cunr
835 3013 854 3076 3
876 3010 989 3073 iurent.

224 3115 253 3182 3.
277 3114 308 3176 Si
331 3113 429 3178 horno
453 3114 680 3178 ecciesiasticus
701 3121 756 3178 aut
770 3113 875 3198 regins
890 3110 950 3176 hoc
964 3113 1084 3186 iecerit,
1109 3111 1278 3174 medietate

119 3197 346 3280 conpositionis
369 3199 562 3262 Francorum
579 3195 743 3281 culpabilis
758 3197 922 3261 iudicetur.
954 3197 1016 3260 Aut
1038 3197 1063 3260 si
1084 3197 1278 3280 negaverint,

2 3289 3 3316 i
119 3303 187 3345 cum
213 3285 253 3350 36
274 3284 366 3346 iuret.

505 3489 555 3549 De
576 3487 654 3550 ictu
677 3506 887 3550 servorum.

228 3596 254 3658 1.
282 3591 313 3654 Si
341 3591 493 3673 ingenuus
522 3609 646 3651 servum
674 3591 736 3653 ictu
758 3588 965 3671 percusserit,
995 3595 1029 3651 ut
1058 3589 1184 3672 sanguis
1214 3609 1277 3652 non

119 3685 230 3749 exeat,
253 3694 351 3756 usque
376 3685 481 3736 ternos
497 3675 629 3755 colpos*
650 3673 789 3756 singulos
811 3674 932 3737 solidos
954 3679 1124 3755 conponat.
1167 3675 1229 3736 Aut
1252 3673 1278 3737 si

2 4397 5 4526 i

2 4536 4 4664 i

121 3760 292 3844 negaverit,
315 3779 385 3821 curn
409 3763 428 3824 6
450 3758 541 3820 iuret.

219 3867 249 3928 2.
272 3863 304 3924 Si
326 3861 424 3924 horno
445 3861 674 3925 ecclesiasticus
698 3871 752 3924 aut
774 3861 879 3943 regius
901 3861 964 3923 hoc
985 3861 1102 3932 fecerit,
1124 3862 1146 3926 3
1169 3859 1277 3922 solidis

120 3946 282 4028 cuipabiiis
304 3946 470 4019 iudicetur,
493 3953 548 4010 aut
568 3965 639 4008 cunr
659 3951 682 4014 6
703 3948 794 4008 iuret.

226 4053 255 4115 3.
289 4048 382 4122 Quod
417 4050 443 4110 si
477 4069 586 4111 servus
619 4048 740 4110 homini
776 4049 863 4130 regio
897 4055 951 4110 aut
984 4045 1196 4108 ecclesiastice
1229 4046 1279 4108 vel

121 4133 242 4196 Franco
265 4134 326 4194 hoc
345 4132 463 4206 fecerit,
487 4152 543 4214 per
564 4142 671 4196 ternos
693 4133 773 4196 ictus
797 4133 951 4200 3solidos
971 4138 1139 4212 conponat.
1172 4131 1234 4192 Aut
1252 4130 1279 4192 si

122 4217 290 4298 negaverit,
314 4217 458 4280 dominus
482 4217 547 4280 eius
569 4237 640 4280 curn
663 4221 683 4284 6
703 4216 794 4279 iuret.

225 4339 249 4422 ⁹⁶]
267 4340 351 4419 quud
368 4357 427 4399 nos
442 4338 572 4401 dicimus
587 4338 741 4420 bunislegi
759 4353 880 4404 insnum
893 4348 919 4403 3,
933 4348 959 4402 4,
