3090 5258
157 1372 178 1412 r·
192 1356 243 1406 22³.

149 3316 172 3360 p·
188 3299 239 3348 223.

690 441 769 498 LEX
787 439 974 498 uiuunum.

732 604 760 692 xa
777 636 880 692 conr.
900 617 940 690 A.

254 759 350 832 intra
379 759 517 831 ducato
546 758 637 857 fuga
665 757 792 854 lapsus
820 756 955 852 fuerit,
988 781 1102 854 supra
1135 760 1179 829 14
1203 757 1327 830 noctis
1351 769 1414 830 aut

254 860 377 958 ipsum
395 859 662 957 repraesentit‚
681 868 746 931 aut
765 883 832 956 pro
853 882 939 932 eum
959 858 1076 931 faciet
1094 856 1315 932 rationem*.

364 977 389 1050 *)
410 977 503 1032 Codex
522 978 540 1029 4
558 979 600 1032 tic
618 980 727 1032 inserit:

405 1049 551 1111 XXXlV.
588 1050 620 1110 Si
649 1056 753 1110 autern
789 1056 877 1110 extra
913 1049 1026 1110 ducato
1063 1049 1137 1131 fuga
1172 1049 1279 1129 lapsus
1312 1050 1413 1122 fuerit,

405 1153 500 1214 super
523 1133 730 1215 quadraginta
746 1139 855 1195 noctes
876 1151 946 1194 eum
962 1142 1184 1213 representare
1203 1133 1339 1207 studeat,
1361 1142 1414 1195 aut

402 1217 470 1299 ipse
492 1219 684 1299 respondeat
705 1237 764 1297 pro
787 1237 835 1280 eo.

356 1341 463 1431 Quod
480 1341 510 1414 si
527 1353 727 1440 postquam
750 1365 835 1414 eum
857 1341 902 1411 ad
918 1339 1075 1438 igneum
1093 1339 1299 1438 placuerit,
1322 1341 1412 1440 fuga

253 1444 383 1542 lapsus
411 1442 536 1536 fuerit,
563 1444 609 1515 ad
630 1441 810 1540 placitum
830 1441 987 1516 veniens
1008 1466 1092 1515 cum
1108 1443 1228 1516 tribus
1252 1441 1411 1516 testibus

254 1545 292 1617 in
316 1544 459 1618 haraho
483 1543 659 1640 coniurit,
688 1545 786 1641 quod
811 1566 943 1618 servus
960 1542 1029 1636 illi,
1053 1568 1165 1641 quern
1188 1545 1234 1616 ad
1256 1544 1411 1643 igneum

254 1656 542 1745 repraesentare
561 1646 760 1738 debuerat,
787 1657 893 1719 extra
911 1644 993 1718 eius
1013 1645 1207 1718 voluntate
1227 1646 1318 1744 fuga
1336 1644 1412 1743 lap-

253 1771 316 1822 sus
341 1747 411 1842 sit‚
441 1757 479 1820 et
505 1746 560 1820 sic
588 1748 710 1820 denuo
730 1746 895 1843 placitus
915 1745 948 1819 ei
969 1746 1206 1840 concidetur7
1234 1757 1275 1819 ut
1300 1770 1412 1844 super

257 1853 302 1922 14
328 1858 460 1922 noctes
486 1871 553 1921 seu
583 1872 698 1946 super
716 1853 765 1923 40
780 1847 901 1920 noctis
922 1871 1008 1921 eum
1029 1858 1317 1946 repraesentare
1336 1859 1411 1921 stu·

254 1949 361 2044 deat3
382 1959 447 2020 aut
465 1947 546 2046 ipse
567 1947 604 2020 in
624 1973 704 2021 rem
725 1950 963 2046 respondeat.

773 2121 894 2196 XXXI.

356 2249 387 2317 1.
430 2242 537 2332 Quod
567 2241 598 2316 si
628 2242 743 2316 homo
780 2241 867 2316 aut*
895 2243 1082 2340 ingenuos
1119 2243 1156 2314 in
1185 2241 1407 2340 obsequium

251 2343 407 2418 alterius
431 2343 645 2441 inculpatus
668 2343 797 2439 fuerit⁷
823 2345 904 2443 ipse
930 2345 993 2442 qui
1016 2369 1102 2417 eum
1116 2354 1204 2441 post
1218 2367 1260 2417 se
1275 2345 1407 2417 eodem

251 2457 423 2543 ternpore
450 2444 627 2540 retenuit,
653 2445 920 2545 inpraesentia
942 2445 1075 2518 iudicis
1104 2444 1293 2542 similiter,
1312 2445 1409 2519 sicut

251 2547 427 2645 superius
448 2546 751 2645 conprehensum
772 2559 842 2642 est,
861 2557 1147 2644 repraesentare
1167 2545 1328 2644 studiat7
1346 2556 1408 2619 aut

252 2673 289 2720 in
308 2672 388 2720 rem
409 2649 647 2744 respondere.

362 2765 388 2836 *t
409 2765 465 2833 cfr.
486 2769 524 2820 ru.
546 2763 588 2834 14,
610 2781 632 2819 c.
648 2765 675 2819 2.

721 2972 864 3029 acone.
885 2957 927 3029 B.

249 3093 330 3154 int'ra
360 3094 505 3154 ducatum
529 3092 603 3174 suga
633 3093 740 3173 lapsus
767 3090 877 3163 inerit,
910 3112 1007 3172 supra
1034 3092 1272 3174 quatuordecim
1300 3100 1405 3154 noctes

251 3185 304 3241 aut
326 3178 427 3259 ipsum
451 3184 679 3258 repraesentet,
702 3186 755 3239 aut
778 3197 836 3258 pro
860 3197 897 3240 eo
921 3177 1015 3240 faciat
1036 3177 1203 3240 rationem.

355 3283 385 3345 2.
418 3280 512 3353 Quod
550 3280 576 3342 si
609 3287 777 3361 postquam
807 3299 878 3342 eum
908 3280 950 3342 ad
977 3280 1081 3364 ignem
1109 3279 1304 3360 applicuerit,
1335 3279 1405 3362 iuga

248 3366 355 3446 lapsus
376 3365 478 3438 suerit,
500 3366 541 3427 ad
564 3365 711 3446 placitum
732 3364 860 3426 veniens
884 3385 953 3428 oum
976 3366 1075 3426 tribus
1098 3365 1230 3426 testibus
1252 3364 1283 3424 in
1307 3362 1406 3424 araho

249 3451 398 3520 coniuret,
423 3451 506 3530 quod
523 3468 632 3510 servus
654 3449 716 3522 ille,
738 3469 833 3530 quem
855 3452 895 3512 ad
920 3451 1023 3530 ignem
1042 3456 1284 3529 repraesentare
1305 3448 1406 3509 debu-

214 3586 217 3591 .
249 3542 328 3608 erat,
351 3542 440 3594 extra
456 3533 521 3595 eius
538 3532 731 3594 voluntatem
747 3533 819 3617 suga
834 3535 940 3614 lapsus
957 3533 1006 3606 sit,
1030 3543 1061 3594 et
1082 3534 1128 3596 sic
1149 3533 1252 3594 denuo
1275 3532 1406 3613 placitus

249 3620 277 3680 ei
300 3618 501 3688 concedatur,
524 3627 558 3678 ut
579 3637 674 3698 super
696 3618 935 3698 quatuordecim
959 3637 1015 3679 seu
1037 3637 1133 3698 super
1148 3620 1189 3682 40
1204 3624 1313 3679 noctes
1337 3637 1406 3678 enm

248 3710 493 3784 repraesentare
516 3701 657 3776 studeat;
682 3708 735 3763 aut
758 3703 878 3782 ipsein
903 3721 937 3762 re
960 3702 1164 3784 respondeat.

755 3858 901 3921 xxxtu.

427 3963 479 4024 De
502 3962 658 4023 homine
679 3963 849 4043 ingenuo
873 3962 1229 4042 repraesentando.

355 4069 381 4131 1.
405 4067 498 4143 Quod
521 4068 545 4128 si
568 4066 665 4128 homo
687 4066 840 4146 ingenuus
862 4064 893 4125 io
917 4063 1070 4146 obsequio
1086 4063 1214 4127 alterius
1229 4063 1405 4145 inculpatus

246 4152 350 4224 inerit,
369 4151 438 4232 ipse
461 4151 512 4232 qui
536 4171 606 4212 eum
631 4157 705 4231 post
733 4169 768 4212 se
791 4150 905 4210 eodem
934 4157 1077 4228 tempore
1099 4149 1237 4220 retinuit,
1259 4149 1290 4210 in
1307 4167 1405 4230 prae-

246 4238 346 4299 sentia
361 4234 470 4298 iudicis
486 4235 636 4308 similiter,
652 4234 731 4296 sicut
745 4233 889 4315 superius
905 4231 1178 4314 conpraehensum
1196 4239 1254 4312 est,
1270 4250 1405 4314 reprae-

246 4331 371 4384 sentare
393 4322 527 4393 studeat,
551 4326 605 4382 aut
625 4318 656 4380 in
679 4338 714 4380 re
737 4318 941 4398 respondere.
