3090 5258
219 435 255 489 30
639 420 715 478 LEX
734 418 921 475 RIBUARIA.

215 606 349 691 priscae
367 598 577 685 publicorum
587 597 858 682 priuatorumque
873 593 1076 676 neqotiorum
1091 612 1180 654 nunc
1191 592 1342 673 primum

220 690 342 754 editae:
378 693 407 747 et
436 679 642 746 Glossarium
672 678 738 740 siue
768 675 997 758 Interpretctio
1031 696 1140 738 rerum
1165 695 1341 758 uocumque

220 769 409 856 difficilium
431 774 460 829 et
481 764 713 829 obscuriorum.
757 757 972 842 Franccsfurti
996 756 1095 836 1613]
1120 757 1148 819 te
1172 780 1219 821 em
1241 758 1341 842 Ripu·

219 855 360 917 ariorum
387 849 500 929 edidit,
529 847 710 911 editionum
732 842 903 924 Sicbardi,
926 839 1074 921 Herobdi,
1103 780 1181 905 Tiiii
1207 850 1235 906 et
1282 863 1341 905 uo-

219 937 365 1001 rundam
388 934 535 998 codicum
556 931 852 1010 manuscriptorum
876 948 934 1010 ope
957 947 1046 988 usus.
1090 925 1205 989 Pauca
1227 946 1242 987 e
1262 865 1342 988 bin-

220 1020 398 1105 denbroqio
415 1014 610 1081 adnotanda
625 1013 707 1076 mibi
722 1032 787 1074 esse
802 1008 1012 1089 uidebuntur,
1027 1009 1086 1072 sub
1101 1010 1212 1095 siquo:
1230 1007 1299 1072 Lin
1307 1009 1341 1071 d.

223 1105 356 1169 Teutum
377 1101 548 1187 uubqatum
563 1098 595 1160 B
610 1095 876 1180 Lindenbroqius
899 1092 1012 1174 edidit,
1034 1093 1090 1157 sed
1110 1093 1147 1156 in
1169 1092 1211 1156 89
1231 1091 1343 1156 titulos

220 1189 375 1268 diuisum,
402 1185 510 1249 nescio
534 1182 630 1247 cuius
652 1180 774 1244 codicis
797 1179 999 1246 auctoritate.
1043 1177 1175 1240 Diuisio
1197 1176 1342 1240 Linden-

221 1273 386 1358 braqiana
408 1293 430 1334 a
451 1265 684 1332 recentioribus
706 1261 902 1327 editionibus
924 1269 1054 1344 recepta
1074 1269 1128 1324 est.

307 1355 505 1418 Posteriores
533 1349 689 1414 editiones
716 1345 802 1411 nibil
824 1347 903 1409 novi
925 1343 1079 1430 afferunt,
1106 1367 1178 1408 cum
1201 1353 1346 1428 quatuor

221 1439 273 1505 ilbi
295 1439 421 1504 codices
443 1433 674 1514 manuscripti,
697 1429 814 1514 quibus
835 1428 1038 1492 Babuzius
1059 1430 1096 1491 in
1118 1428 1257 1492 editione
1278 1449 1344 1490 sua

221 1545 301 1587 usus
324 1529 405 1600 crat,
429 1518 538 1582 adbuc
560 1523 683 1580 exstent
705 1514 792 1577 etin
815 1534 910 1576 usum
925 1513 1079 1577 editionis
1093 1519 1222 1576 nostrae
1236 1511 1345 1574 denuo

222 1606 333 1672 colluti
353 1605 429 1668 sint.

120 1804 211 1858 ,1,οι
665 1751 815 1817 assor
837 1751 897 1815 111.

306 1859 369 1924 on
390 1853 613 1922 nolrlonu
635 1851 814 1919 NOSTRA
837 1850 971 1916 Luam
993 1851 1251 1917 lemannus.
1331 1866 1335 1875 ·

727 1978 756 2055 ξ.
782 1975 831 2037 11.

659 2075 716 2138 De
738 2083 846 2137 tectu
868 2074 908 2138 A.

309 2182 338 2245 T
334 2189 410 2245 autu
438 2178 469 2240 A
498 2179 731 2262 antiquiorem,
790 2176 911 2240 enuino
944 2178 1049 2240 tentui
1069 2178 1345 2262 propinquiorem

223 2293 239 2331 s
265 2269 360 2332 eciem
399 2263 480 2348 leqis
512 2261 696 2326 Ribuuriae
721 2199 891 2340 'cubitem
924 2282 1031 2344 supro
1065 2261 1191 2326 ostendi
1224 2268 1267 2344 (i.
1296 2262 1347 2343 8).

227 2291 333 2426 guum
366 2346 403 2411 ob
434 2367 502 2408 rem
531 2346 634 2409 temtui
662 2344 694 2406 A
722 2346 759 2408 in
790 2344 931 2408 editione
956 2353 1070 2408 nostru
1094 2348 1228 2429 primus
1255 2343 1347 2409 locus

223 2437 321 2500 datus
342 2439 397 2494 est.

312 2514 468 2588 Quamvis
489 2513 526 2575 in
548 2521 637 2575 tentu
658 2512 690 2574 A
712 2511 834 2575 edendo
856 2512 997 2576 codicem
1022 2513 1037 2574 1
1058 2534 1144 2596 prae
1166 2514 1277 2576 ceteris
1300 2535 1347 2576 se-

224 2610 319 2667 cutus
341 2599 403 2660 sim
433 2593 494 2679 (cf.
517 2617 623 2680 supra
642 2602 673 2672 b·
695 2595 745 2676 9),
773 2616 840 2658 non
868 2604 975 2659 tumen
1002 2596 1039 2660 in
1067 2597 1214 2661 omnibus
1240 2595 1345 2661 salum

224 2693 344 2749 tentum
377 2679 499 2744 codicis
534 2681 549 2740 1
584 2680 673 2764 typis
705 2679 933 2743 mundandum
965 2701 1032 2744 esse
1062 2682 1190 2763 putaui.
1237 2680 1347 2746 Codeoe

225 2768 342 2832 eniml
367 2785 439 2826 cum
455 2760 563 2846 plura
584 2763 754 2842 contineat,
797 2785 859 2825 uae
881 2784 991 2827 errore
1012 2764 1144 2828 librarii
1164 2774 1236 2827 orta
1258 2773 1346 2844 sunt,

224 2850 358 2934 saepius
380 2869 451 2911 enm
474 2869 490 2908 e
511 2844 648 2930 reliquis
670 2784 834 2910 codicibus
863 2849 1093 2932 corripendum
1123 2869 1191 2912 esse
1212 2851 1346 2931 putaui.

224 2930 381 3015 Euenspbo
403 2939 450 2992 est
469 2929 516 2991 tit.
535 2929 584 3008 18,
601 2953 627 2991 c.
647 2930 674 3010 l,
697 2930 754 2992 ubi
775 2929 906 2993 codenl
932 2930 1025 2995 babet
1047 2951 1137 3017 quas,
1160 2954 1231 2994 cum
1245 2931 1347 2995 scribi

223 3016 368 3084 debuerit
396 3031 505 3097 equas.
562 3011 716 3096 Conferri
741 3023 846 3097 potest
875 3015 970 3077 etiam
999 3016 1046 3080 tit.
1075 3015 1132 3095 58,
1159 3039 1184 3078 c.
1210 3017 1237 3081 1.
1261 3013 1342 3079 6.1.

223 3099 378 3168 editionis
406 3105 548 3175 nostrae,
579 3096 636 3159 ubi
663 3095 801 3160 codicem
824 3097 846 3158 4
868 3099 983 3182 potius
1015 3098 1094 3182 (cfr.
1122 3120 1229 3182 supra
1252 3106 1283 3176 5.
1304 3097 1346 3178 9)

224 3205 322 3272 quam
344 3180 518 3244 codiceml
539 3202 603 3264 pro
626 3180 707 3244 duce
730 3179 914 3245 babendum
935 3203 1002 3245 esse
1019 3184 1148 3266 putaui.
1193 3182 1257 3247 Pro
1276 3182 1369 3268 teqe'

224 3278 330 3334 autem
357 3263 439 3327 mibi
454 3261 539 3345 fuit,
566 3274 602 3327 ut
624 3265 763 3328 codicem
788 3266 804 3327 1
835 3287 993 3350 sequerer,
1026 3268 1092 3330 nisi
1118 3269 1215 3330 certis
1242 3287 1343 3351 arqu-

223 3351 337 3417 mentis
367 3356 473 3411 temtus
505 3348 576 3411 eius
608 3359 784 3432 corruptus
816 3371 882 3412 esse
914 3349 1123 3433 probaretur.
1179 3349 1348 3414 Lectiones

223 3435 422 3519 reliquorum
450 3430 598 3496 codicum
626 3434 662 3496 in
691 3433 778 3496 notis
801 3432 931 3514 addidi,
961 3455 1028 3496 non
1057 3455 1172 3512 omnes,
1200 3435 1256 3498 sed
1277 3455 1347 3513 eus,

224 3539 308 3606 quae
338 3513 469 3600 aliquid
496 3515 541 3578 od
569 3515 666 3598 leqem
692 3517 976 3600 interpretandam
1007 3514 1055 3579 vel
1083 3517 1128 3581 ad
1156 3538 1246 3580 uoces
1271 3539 1343 3604 qer-

222 3601 373 3667 municas
395 3597 615 3663 illustrandas
638 3598 790 3684 afferunt.

308 3682 496 3747 Genuinum
524 3692 643 3747 tentum
672 3683 754 3769 teqis
782 3682 967 3748 Ribnuriae
996 3684 1115 3768 absque
1146 3684 1287 3748 rubricis
1316 3694 1346 3747 et

222 3767 391 3834 titulorum
424 3765 586 3831 divisione
607 3766 738 3850 fuisse,
777 3789 883 3851 supra
916 3773 932 3850 (
928 3790 965 3851 p.
1002 3768 1080 3848 194)
1113 3767 1348 3832 demonstravi.

225 3853 357 3921 Codices
377 3848 410 3912 A
438 3860 496 3913 aut
523 3849 628 3914 nubles
653 3851 764 3915 titubas
790 3852 1009 3937 distinquunt,
1041 3862 1099 3915 aut
1126 3854 1221 3916 uario
1249 3853 1348 3917 modo

221 3941 258 4002 in
279 3931 391 4000 titulos
413 3933 619 4000 dividuntur.
664 3933 818 4018 Plerique
834 3936 957 4000 codices
972 3937 1003 3998 A
1024 3937 1218 4000 divisionem
1233 3935 1274 4000 90
1295 3936 1344 4000 oei

222 4021 261 4086 91
285 4017 334 4083 neb
355 4016 396 4082 92
422 4018 471 4081 oet
493 4017 534 4082 93
559 4019 727 4085 titulorum
757 4019 914 4100 eubibent,
946 4018 1080 4103 affinem
1106 4019 1146 4082 91
1176 4018 1344 4084 titulorum

222 4104 391 4182 divisioni,
422 4124 505 4187 quae
522 4126 587 4187 per
607 4113 727 4167 temtum
748 4103 781 4166 B
803 4103 977 4188 dioutqata
998 4115 1052 4168 est.
1100 4101 1257 4176 Quamvis
1278 4106 1345 4188 iqi-

221 4201 276 4253 tur
298 4187 418 4251 divisio
440 4185 482 4250 89
504 4187 680 4268 titulorum,
710 4209 793 4272 quae
821 4187 861 4251 ab
890 4187 1087 4253 editionibus
1112 4187 1346 4251 recentioribus

222 4271 313 4336 tradi
334 4269 422 4351 sobet,
443 4271 481 4334 in
499 4270 589 4335 nullo
605 4272 713 4336 codice
735 4272 936 4351 inveniatur,
959 4282 1077 4349 tamen,
1100 4293 1171 4334 cum
1186 4273 1223 4335 in
1240 4274 1341 4336 omni-

222 4357 281 4421 bus
302 4353 397 4419 tibris
418 4355 662 4436 recentioribus,
692 4355 750 4439 qui
771 4353 869 4439 leqem
891 4353 1090 4419 Ribuuriam
1111 4353 1348 4436 laudaverunt,
