3110 5232
596 471 672 529 LEX
692 472 878 531 tttttUAtttA.
1268 477 1321 532 103
1437 465 1442 478 ⁸

639 665 779 722 naono.
799 648 839 723 Α.

160 783 295 858 similis
315 785 489 858 lunonem
509 783 708 882 culpabilis
728 785 927 883 iudicetur,
946 799 1012 861 aut
1031 812 1117 861 cum
1135 812 1200 863 sex
1215 789 1318 886 iurit,

161 887 259 983 quod
279 909 366 959 eum
385 910 460 960 non
481 886 644 959 celasset
662 910 732 959 nec
752 885 790 957 in
809 887 921 962 domo
941 887 1121 987 pavisset.

666 1041 817 1114 LXXIX.

260 1161 299 1235 Si
320 1159 405 1258 quis
424 1161 537 1234 homo
552 1171 707 1257 propter
720 1162 863 1234 furtum
878 1162 1175 1260 comprehensus
1190 1163 1317 1261 fuerit,

161 1271 198 1334 et
226 1260 399 1361 legitime
423 1261 704 1359 superioratus,
732 1260 824 1335 etin
848 1261 988 1336 iudicio
1011 1262 1204 1362 principes
1227 1288 1318 1362 pen·

160 1360 258 1436 ditus
288 1361 412 1457 luerit,
439 1361 500 1435 vel
527 1361 563 1434 in
592 1385 831 1460 quocumque
855 1363 948 1436 libet
964 1363 1174 1460 patibulum
1198 1363 1315 1438 vitam

157 1461 336 1558 finiverit,
361 1487 491 1536 ornnes
509 1487 572 1537 res
591 1487 679 1537 suas
695 1464 855 1538 heredes
875 1465 1120 1561 possedeant,
1146 1465 1345 1563 exceptisr.
1361 1482 1413 1533 tot

159 1563 321 1661 capitale
341 1574 378 1637 et
397 1562 558 1638 dilatura
578 1563 616 1636 in
635 1563 719 1638 loco
738 1563 948 1639 restituant.

668 1719 804 1794 LXXX.

258 1838 297 1913 Si
321 1837 405 1936 quis
428 1837 646 1912 Ribuarium
670 1839 800 1912 devia
826 1863 893 1913 sua
922 1840 1124 1934 ostaverit,
1153 1842 1197 1916 15
1224 1839 1315 1913 soli-

156 1941 225 2013 dos
246 1937 445 2036 culpabilis
465 1937 664 2034 indicetur,
682 1950 746 2012 aut
764 1965 850 2013 cum
869 1942 892 2014 6
913 1941 1021 2036 iurit,
1041 1941 1139 2039 quod
1161 1939 1195 2013 ei
1214 1939 1315 2012 viam

155 2065 263 2114 suam
282 2064 368 2113 cum
388 2062 493 2112 arma
512 2064 716 2137 numquam
738 2040 1038 2116 contradixisset.

660 2194 813 2269 LXXXl.

257 2311 298 2386 Si
314 2312 397 2411 quis
410 2314 524 2386 homo
539 2312 737 2387 Rihuarius
756 2315 957 2389 defunctus
976 2313 1102 2406 fuerit,
1121 2312 1182 2386 vel
1201 2313 1315 2386 inter·

155 2416 295 2507 fectus,
323 2411 498 2488 etlilium
517 2413 733 2510 reliquerit,
761 2439 882 2512 usque
904 2419 961 2490 15.
981 2438 1079 2487 anno
1104 2412 1213 2510 pleno
1242 2438 1314 2487 nec
1385 2484 1387 2492 ,

908 2597 1165 2606 φ--α--ν--ιι
1169 2599 1312 2608 ...ι-...η-

633 2712 776 2768 nconn.
795 2696 838 2768 B.

152 2832 213 2894 furi
236 2832 397 2913 culpabilis
411 2831 573 2904 iudicetur,
596 2838 649 2892 ant
665 2848 733 2891 cum
750 2833 770 2896 6
785 2831 875 2904 iuret,
898 2830 983 2911 qnod
1000 2849 1069 2891 eum
1086 2848 1144 2892 nec
1159 2831 1314 2893 caelasset

153 2915 265 2977 necin
288 2918 385 2978 domo
408 2915 556 2998 pavisset.
1247 2946 1249 2949 ·

664 3014 806 3077 LXXXl.

322 3122 375 3181 De
400 3119 548 3183 homine
570 3118 737 3200 penduto
761 3116 900 3179 eteius
923 3117 1149 3179 hereditate.

259 3221 289 3283 Si
319 3222 388 3303 quis
417 3221 515 3284 homo
547 3227 676 3303 propter
704 3219 817 3281 lurtum
847 3220 1103 3299 conpraehensos
1134 3217 1245 3291 luerit,
1278 3226 1310 3281 et

152 3306 288 3389 legitime
311 3305 537 3388 superioratus‚
560 3312 591 3366 et
611 3303 725 3365 iudicio
747 3301 896 3383 principis
918 3302 1073 3383 pendutns
1087 3301 1192 3376 fuerit,
1214 3301 1262 3363 vel
1276 3303 1308 3364 in

153 3408 351 3470 quocumque
372 3390 448 3453 libet
469 3387 609 3469 patibulo
624 3386 731 3448 *vitam
748 3385 874 3459 finierit,
896 3404 1006 3448 omnes
1022 3403 1074 3447 res
1091 3385 1157 3448 eius
1171 3385 1359 3464 heredem.
1374 3403 1430 3456 m

152 3474 345 3553 possideant,
367 3482 498 3554 excepto
522 3469 655 3553 capitale
678 3478 709 3532 et
732 3469 866 3532 dilatum
886 3469 918 3530 in
941 3471 1043 3532 locum
1066 3469 1241 3532 restituent.

652 3607 810 3671 LXXXll.

565 3714 616 3773 De
638 3711 727 3772 viae
750 3711 895 3773 lecina.

256 3817 288 3878 Si
316 3816 385 3898 quis
406 3815 570 3878 Ribuarius
599 3814 767 3895 ingenuum
789 3812 968 3874 Riboarinm
994 3811 1033 3872 de
1056 3812 1105 3874 via
1127 3811 1309 3885 obstarent,

153 3904 191 3968 15
218 3900 327 3964 solidis
355 3898 515 3979 culpabilis
541 3897 712 3969 indicetur,
742 3903 795 3957 aut
815 3915 883 3957 oum
907 3899 927 3962 6
948 3894 1038 3968 iuret,
1069 3896 1153 3976 quod
1175 3895 1203 3956 ei
1225 3895 1309 3958 viam

150 4003 239 4048 snam
263 4005 332 4047 cnm
356 3983 451 4047 armis
474 4001 644 4062 numquam
667 3978 917 4042 contradixisset.

647 4116 814 4179 LXXXlll.

255 4225 297 4286 Ut
320 4223 504 4305 parvulus
528 4239 600 4282 non
626 4219 865 4299 respondeat
888 4225 972 4278 anto
996 4219 1038 4283 15
1062 4235 1199 4277 annos.

254 4326 287 4387 Si
309 4326 379 4406 quis
401 4325 499 4387 homo
515 4322 681 4386 Ribuerins
704 4321 867 4382 defunctus
889 4319 982 4381 fuerit
997 4318 1046 4380 vel
1060 4318 1251 4390 interlectos,
1275 4322 1307 4380 et

149 4409 247 4471 silium
279 4408 448 4490 reliquerit,
479 4426 579 4489 usque
602 4411 651 4474 15.
675 4425 791 4468 annum
814 4406 939 4484 plenum
962 4422 1020 4465 nec
1042 4419 1168 4465 oausam
1190 4421 1308 4483 prose-
