3110 5232
539 419 616 474 LEX
634 418 823 476 uteunutn.

584 611 728 668 scona.
747 592 788 666 Α.

5 769 6 774 ,
110 730 218 805 luerit
246 742 283 804 et
310 729 451 828 aliquid
482 730 733 828 interfecerit,
760 731 938 805 solvatur.
990 731 1029 806 Si
1058 743 1184 807 autem
1217 735 1264 808 de

5 905 7 932 ;
110 833 207 906 intus
227 857 318 930 sepe
337 857 379 907 se
399 831 437 904 in
454 831 563 930 virga
581 831 818 931 inpalaverit⁷
835 858 910 907 non
930 844 991 907 est
1006 833 1219 908 solvendus.

5 947 6 1026 j
206 937 241 1009 5.
286 933 393 1021 Quod
414 933 445 1007 si
467 933 549 1030 quis
568 933 605 1004 in
624 958 754 1031 sepem
774 933 835 1006 vel
856 933 892 1005 in
913 958 1151 1033 quacumque
1171 935 1265 1008 libet

5 1109 6 1112 ,
109 1034 275 1132 periculo
294 1059 357 1107 res
375 1034 520 1107 alienas
540 1033 678 1109 invitas
698 1034 910 1130 minaverit,
936 1045 974 1107 et
993 1035 1130 1108 ibidem
1150 1035 1265 1109 inter·
1370 1033 1373 1038 ’

5 1221 7 1238 s
109 1136 204 1208 fecta
224 1135 286 1208 vel
306 1134 520 1207 debilitatae
540 1135 692 1230 fuerint,
720 1135 855 1208 similis
882 1134 1071 1229 restituat,
1095 1148 1160 1209 aut
1179 1161 1263 1209 curn

109 1237 131 1310 6
149 1235 250 1331 iurit,
270 1238 368 1333 quod
389 1237 461 1308 hoc
482 1260 556 1309 non
575 1235 738 1310 fecisset.

624 1371 744 1446 LXXI.

208 1492 263 1564 De
301 1516 540 1589 quacumque
576 1516 688 1565 causa
725 1490 859 1566 fistuca
896 1491 1172 1587 intercesserit,
1211 1491 1265 1562 la-

111 1593 193 1664 cina
225 1592 492 1688 interdicatur,
520 1594 585 1666 sed
622 1617 708 1666 cum
737 1603 975 1666 sacramento
1012 1617 1054 1666 se
1086 1592 1264 1666 edoniare

111 1690 329 1790 [studeat*].

205 1791 230 1875 ⁴⁵)
254 1793 379 1854 studeat
400 1806 502 1859 addunt
521 1795 551 1856 4.
574 1795 603 1858 9.

613 1912 750 1986 LXXII.

213 2039 243 2104 1.
287 2031 326 2105 Si
354 2032 436 2130 quis
464 2030 660 2104 hominem
687 2030 956 2130 immolaverit,
982 2043 1019 2107 et
1038 2032 1132 2106 infra
1151 2031 1269 2131 placi-

5 2219 6 2222 *
109 2146 189 2206 tum
215 2144 383 2206 mortuos
408 2132 534 2227 fuerit,
563 2131 600 2204 in
620 2133 827 2230 quadruvio
849 2157 933 2206 cum
953 2145 1094 2207 retorta
1114 2133 1151 2206 in
1170 2135 1267 2232 pede

110 2234 338 2333 sepeliatur,
374 2245 411 2305 et
438 2233 577 2306 ibidem
605 2236 651 2306 ad
680 2235 780 2306 diem
806 2232 968 2331 placitus
995 2258 1080 2306 curn
1106 2235 1365 2308 testitum-2⁶⁰·

110 2335 278 2430 accidat,
304 2345 341 2407 et
365 2359 450 2407 cum
477 2334 567 2432 ipsis
592 2358 670 2429 ser,
695 2334 758 2431 qui
786 2358 873 2408 eum
899 2333 1062 2431 sepelire
1080 2334 1267 2429 viderunt,

5 2491 6 2534 3
109 2438 146 2508 in
186 2437 331 2508 haraho
373 2435 564 2529 coniuret,
606 2438 701 2531 qued
745 2434 883 2508 ibidem
928 2433 1002 2532 ipsi
1044 2435 1267 2510 interciatus

1106 2594 1269 2602 ᾖα..-

590 2707 734 2763 rconn.
754 2690 797 2764 B.

110 2827 229 2908 aliquid
261 2825 462 2898 interficerit,
491 2829 640 2886 solvatur.
684 2825 714 2886 si
745 2834 847 2887 autem
880 2825 1028 2889 deintus
1058 2845 1153 2907 saepe
1181 2845 1216 2888 se
1238 2826 1269 2886 in

5 2917 7 2936 ³
109 2911 197 2994 virga
220 2909 419 2989 iupalaverit,
442 2927 504 2969 non
527 2915 574 2969 est
597 2909 776 2971 solvendus.

218 2999 247 3059 5.
284 2992 377 3067 Quod
401 2993 425 3055 si
449 2990 517 3072 quis
539 2993 569 3053 in
593 3011 722 3073 saepem
747 2993 795 3056 vel
815 2993 846 3054 in
869 3011 1065 3073 quormque
1086 2992 1162 3055 libet
1182 2991 1271 3072 peri-

5 3071 7 3134 }
111 3079 183 3141 culn
213 3097 265 3139 res
297 3077 414 3138 alienas
444 3076 557 3138 invitas
589 3077 768 3148 minaverit,
798 3084 829 3137 et
856 3077 972 3138 ibidem
1004 3075 1187 3138 interiectae
1220 3075 1271 3136 vel

110 3163 294 3225 debilitatae
315 3160 439 3236 suerint,
462 3158 578 3223 similes
600 3160 753 3238 restituat,
776 3167 921 3222 autenm
944 3164 964 3224 6
986 3159 1076 3231 iuret,
1100 3160 1185 3240 quod
1208 3159 1271 3220 hec

5 3259 7 3328 ξ
110 3267 174 3310 nen
199 3247 335 3309 iecisset.

5 3349 6 3360 ¹
358 3331 365 3343 '
622 3325 760 3388 LXXIII.

407 3431 459 3490 De
482 3429 632 3490 fistuca
656 3429 971 3490 intercurrente.

5 3591 6 3612 p
218 3535 264 3595 De
295 3550 492 3613 quacumque
521 3550 615 3593 causa
645 3530 758 3592 fistuca
787 3531 1009 3603 intercesserit,
1040 3531 1141 3592 lecina
1169 3529 1273 3591 inter-

5 3613 7 3690 ζ
111 3618 245 3688 dicatur,
272 3618 326 3677 sed
351 3635 420 3676 cum
443 3622 643 3677 sacramento
665 3634 699 3675 se
721 3614 865 3675 idoniare
887 3612 1088 3700 [studeant*].

5 3715 6 3726 ¹
211 3702 236 3786 *)
261 3700 408 3763 studeant
429 3712 504 3765 addet
523 3701 553 3766 3.

622 3819 762 3881 LXXIV.

234 3925 287 3985 De
308 3922 464 3985 bomine
486 3921 698 3983 intertiata
724 3920 783 3982 vel
808 3939 953 4000 pecore
975 3929 1144 3982 mortuo.

223 4029 250 4089 l.
288 4025 319 4085 Si
342 4025 410 4105 quis
432 4023 592 4085 hominem
619 4022 831 4094 interliaverit‚
855 4031 886 4084 et
906 4019 988 4082 infra
1012 4020 1157 4101 placitum
1180 4039 1271 4082 mor-

5 4163 6 4170 ,
111 4115 186 4171 tuus
214 4107 322 4180 suerit,
352 4110 382 4169 in
405 4107 593 4188 *quadruvio
624 4126 693 4168 cum
723 4113 844 4167 retorta
866 4105 897 4166 in
920 4104 1002 4185 pede
1024 4105 1211 4184 sepeliatur,
1242 4112 1391 4173 evectu

5 4261 6 4268 ἵ
110 4191 232 4254 ibidem
267 4195 306 4254 ad
337 4192 419 4253 diem
449 4191 581 4272 placitus
613 4210 681 4252 cum
712 4191 843 4253 testibus
874 4188 1014 4261 accedat,
1044 4198 1075 4249 et
1104 4207 1173 4248 curn
1196 4188 1272 4268 ipsis

112 4294 182 4348 sex,
205 4277 258 4357 qui
287 4297 356 4338 eum
387 4275 520 4356 sepelire
550 4277 700 4348 viderunt,
732 4274 763 4334 in
794 4271 893 4336 arabe
921 4273 1072 4344 coniuret,
1101 4271 1186 4353 quod
1210 4271 1274 4333 ibi-

113 4360 188 4420 dem
216 4361 285 4439 Ipse
312 4360 488 4422 Intertiatus
519 4362 637 4442 absque
667 4357 883 4419 interiectione
911 4355 1090 4428 hominum,
1119 4356 1273 4435 pecodum

1023 4472 1039 4520 'l
