3110 5232
561 464 637 521 tux
655 462 843 523 ursulam.
1243 465 1281 524 87

598 659 623 714 r
640 658 743 714 cono.
761 641 801 716 Α.

224 782 258 850 7.
295 777 402 865 Quod
422 778 469 850 de
487 775 696 852 vinditionc
717 777 1019 875 conscripsimus,
1046 779 1143 854 baec
1169 788 1207 852 et
1233 782 1280 854 de

121 876 325 952 donatione
347 876 633 953 constituemus.
673 879 754 953 Hoc
773 889 903 954 autem
922 878 1207 976 constituemus,
1225 891 1280 976 ut,

122 1003 362 1078 quecumque
385 979 423 1052 in
446 1004 560 1059 causa
582 978 705 1054 victur
721 979 902 1077 extiterit,
925 1001 1078 1080 semper
1098 980 1281 1056 iudicium

122 1080 381 1177 conscriptum
400 1079 575 1179 accipiat,
595 1092 661 1154 aut
679 1091 806 1156 testes

223 1186 258 1256 8.
300 1181 339 1256 si
377 1180 461 1279 quis
496 1180 534 1256 in
569 1180 709 1256 iudicio
743 1179 1005 1280 interpellatus
1039 1192 1179 1256 cartam
1211 1206 1282 1282 per

123 1281 296 1357 manibus
327 1281 520 1378 habuerit,
552 1282 656 1358 nulle
687 1282 845 1358 simale
877 1281 1009 1357 ordine
1039 1283 1099 1357 vel
1133 1282 1279 1357 invasio

122 1394 364 1484 requeratur3
415 1383 502 1480 quia
548 1386 638 1457 dum
681 1383 945 1481 interpellatus
988 1383 1185 1481 respondit
1232 1385 1279 1456 ad

122 1483 437 1584 interrogatione:
474 1485 553 1559 ‘Sta
575 1485 648 1580 tu',
679 1496 718 1559 ct
749 1485 833 1560 sinc
855 1495 1018 1584 tangano
1042 1484 1219 1582 loquatur
1244 1494 1282 1558 et
1297 1508 1382 1569 aaa

123 1586 243 1659 dicat:
280 1586 374 1659 ‘Non
401 1586 502 1659 malo
535 1585 688 1683 ordine,
723 1588 789 1661 sed
817 1609 886 1686 per
911 1595 1180 1660 testamentum
1207 1586 1282 1659 hoc

121 1686 256 1761 teneo’.

225 1789 259 1860 9.
308 1784 426 1858 Filius
461 1796 588 1859 autem
623 1797 688 1860 aut
724 1783 873 1860 filiabus
910 1810 1026 1884 super
1061 1785 1106 1860 12
1138 1784 1282 1860 solidos

124 1886 187 1960 uni
214 1887 299 1985 plus
327 1911 440 1985 quam
467 1887 574 1961 alteri
595 1885 690 1961 nihil
716 1889 931 1961 condonare
956 1885 1018 1961 vel
1044 1885 1281 1961 conscribere

124 1987 388 2086 permittimus.
434 1985 541 2078 Quod
566 1987 599 2062 si
628 1988 713 2086 quis
732 1988 876 2092 iecerit,
895 1987 1070 2062 hirritum
1086 1989 1280 2061 habeatur.

229 2231 261 2298 1.
312 2224 352 2299 Si
390 2225 474 2323 quis
511 2224 641 2298 villam
679 2237 746 2300 aut
784 2225 935 2300 vineam
972 2224 1034 2299 vel
1073 2224 1282 2323 quamlibet

126 2325 476 2425 possessiunculam
508 2329 553 2399 ab
585 2326 660 2401 alio
689 2326 972 2426 conparaverit,
1010 2336 1047 2399 et
1078 2335 1282 2399 testamen·

125 2439 205 2501 tum
233 2427 406 2526 accipere
432 2451 505 2501 non
524 2425 704 2525 potuerit,
733 2428 765 2502 si
785 2426 998 2501 mediocres
1017 2450 1079 2500 res
1098 2437 1169 2520 est,
1195 2449 1282 2498 cum

124 2530 148 2602 6
166 2528 339 2623 testibus,
367 2538 404 2601 et
422 2529 453 2602 si
474 2552 603 2627 parva,
630 2551 716 2603 oum
735 2540 824 2623 tres,
851 2527 1000 2627 quodsi
1020 2551 1172 2626 magna,
1195 2550 1281 2599 curn

129 2631 173 2704 12
217 2631 263 2701 ad
298 2629 435 2702 locum
485 2627 741 2704 tradiciones*
792 2654 877 2702 cum
919 2628 1079 2703 totidem
1122 2651 1381 2713 numerosam.

176 2738 179 2742 '
226 2731 252 2799 ³)
271 2734 288 2784 t.
309 2745 332 2784 c.
352 2729 521 2801 odlandum,
543 2733 589 2800 qai
605 2731 728 2786 deditur.

603 2929 627 2983 a
645 2929 747 2984 cooo.
766 2912 809 2984 B.

230 3050 260 3112 7.
304 3045 398 3120 Quod
423 3048 463 3108 de
484 3046 665 3108 venditione
687 3043 939 3126 conscripsimus,
960 3045 1041 3108 haec
1064 3052 1094 3106 et
1116 3046 1155 3106 de
1177 3046 1285 3106 doua-

7 3117 9 3174 Ψ
124 3139 210 3195 tione
233 3128 459 3194 constituimus.
504 3130 573 3192 Hoc
594 3136 698 3191 autem
722 3129 950 3202 constituimus,
976 3135 1019 3203 ut,
1042 3128 1229 3210 quicumque
1251 3127 1283 3189 iu

7 3215 8 3298 ]
124 3234 222 3279 causa
253 3213 354 3276 victor
386 3214 531 3288 estiterit,
565 3231 691 3295 semper
720 3211 867 3276 iudicium
897 3213 1105 3294 conscripturo
1140 3210 1283 3294 accipiat,

7 3335 9 3340 v
124 3309 180 3363 aut
202 3306 309 3361 testes.

231 3385 262 3448 8.
298 3381 330 3444 Si
357 3400 427 3463 quis
454 3401 486 3441 rn
509 3383 624 3443 iudicio
646 3381 862 3460 interpellatus
884 3385 1003 3464 cartam
1033 3398 1110 3461 prae
1139 3377 1283 3440 manibus

126 3467 284 3540 habuerit,
306 3466 390 3528 nulla
408 3465 436 3526 ei
451 3464 535 3527 malo
551 3463 662 3527 ordine
676 3463 726 3524 vel
740 3464 862 3528 invasio
876 3464 1075 3546 requiratnr3
1096 3463 1193 3545 *qnia‚
1209 3463 1283 3524 dum
1293 3470 1334 3531 *ρ-
1350 3469 1405 3519 aaa

7 3591 8 3624 3
125 3550 350 3632 interpellatur,
379 3550 553 3630 respondet
575 3547 616 3610 ad
638 3547 926 3632 interrogationem,
948 3547 1042 3621 ‘Stet'‚
1065 3554 1097 3609 ct
1118 3547 1185 3610 sinc
1206 3552 1285 3608 tau·

7 3637 9 3732 ὲ
125 3655 208 3716 gano
230 3634 378 3715 loquatur
400 3641 431 3694 et
453 3633 549 3696 dicat:
573 3631 651 3693 ‘Non
674 3633 758 3695 malo
774 3633 895 3707 ordine,
918 3632 974 3694 scd
990 3651 1048 3714 pcv
1063 3639 1282 3694 testamcutum

127 3717 188 3781 hoc
209 3725 373 3871 te9¹lffllliliis
390 3808 494 3863 autem
510 3804 565 3862 aut
578 3799 703 3862 filiabus
720 3816 815 3881 super
832 3801 871 3864 12
886 3799 1005 3862 solidos
1029 3800 1081 3861 uui
1104 3799 1172 3882 plus
1189 3815 1283 3879 quam

7 3903 8 3906 ’
125 3887 217 3950 alteri
245 3883 322 3947 nihil
351 3884 533 3946 condonare
561 3885 610 3945 vel
640 3884 838 3946 conscribere
867 3885 1087 3965 permittimus.
1137 3881 1229 3956 Quod
1259 3881 1285 3942 si

126 3970 196 4052 quis
219 3969 338 4045 fecerit,
359 3970 480 4031 irritum
503 3968 669 4031 habeatur.

247 4157 299 4219 De
322 4154 620 4218 traditionibus
643 4162 682 4215 et
703 4152 880 4216 testibus
903 4150 1163 4215 adhibendis.

235 4243 262 4306 1.
295 4239 327 4302 si
350 4239 419 4321 quis
441 4238 546 4300 villam
568 4246 623 4302 aut
644 4236 767 4300 vineam
790 4236 840 4297 vel
859 4235 1030 4318 quamlibet
1043 4233 1286 4317 possessiuncu-

7 4385 8 4394 ,
75 4379 77 4386 ,
128 4323 191 4386 lam
215 4327 255 4387 ab
277 4324 339 4386 alio
368 4321 567 4405 conparavit,
590 4330 621 4384 ct
643 4328 863 4384 testamentum
887 4320 1030 4402 accipere
1053 4338 1114 4380 nou
1136 4317 1284 4399 potuerit,

126 4408 154 4469 si
170 4408 338 4474 mediocris
353 4427 406 4470 res
423 4415 480 4481 est,
504 4427 573 4471 cum
593 4426 651 4469 sex
664 4405 818 4478 *testibus
841 4413 873 4467 et
888 4404 914 4468 si
929 4422 1037 4487 parva,
1060 4414 1129 4466 cum
1145 4405 1175 4477 3,
1198 4402 1282 4483 quod
1293 4405 1334 4466 *a
1350 4405 1405 4455 ²⁶¹·
