<?xml version="1.0" encoding="UTF-8"?>
<!DOCTYPE html PUBLIC "-//W3C//DTD XHTML 1.0 Transitional//EN"
    "http://www.w3.org/TR/xhtml1/DTD/xhtml1-transitional.dtd">
<html xmlns="http://www.w3.org/1999/xhtml" xml:lang="en" lang="en">
 <head>
  <title>
</title>
<meta http-equiv="Content-Type" content="text/html;charset=utf-8" />
  <meta name='ocr-system' content='tesseract 3.04.00' />
  <meta name='ocr-capabilities' content='ocr_page ocr_carea ocr_par ocr_line ocrx_word'/>
</head>
<body>
  <div class='ocr_page' id='page_1' title='image "./lexribuariaetle00sohmgoog/lexribuariaetle00sohmgoog_0022.png"; bbox 0 0 3090 5258; ppageno 0'>
   <div class='ocr_carea' id='block_1_1' title="bbox 259 448 956 508">
    <p class='ocr_par' dir='ltr' id='par_1_1' title="bbox 259 448 956 508">
     <span class='ocr_line' id='line_1_1' title="bbox 259 448 956 508; baseline 0.006 -4"><span class='ocrx_word' id='word_1_1' title='bbox 259 452 298 504; x_wconf 69' lang='lat'><em>143</em></span> <span class='ocrx_word' id='word_1_2' title='bbox 673 451 751 508; x_wconf 87' lang='lat' dir='ltr'><em>LEX</em></span> <span class='ocrx_word' id='word_1_3' title='bbox 771 448 956 508; x_wconf 69' lang='lat' dir='ltr'><em>alunnum.</em></span> 
     </span>
    </p>
   </div>
   <div class='ocr_carea' id='block_1_2' title="bbox 150 621 1372 1544">
    <p class='ocr_par' dir='ltr' id='par_1_2' title="bbox 150 621 1372 1544">
     <span class='ocr_line' id='line_1_2' title="bbox 256 621 1372 710; baseline 0.001 -22"><span class='ocrx_word' id='word_1_4' title='bbox 256 625 296 688; x_wconf 81' lang='lat' dir='ltr'><em>dc</em></span> <span class='ocrx_word' id='word_1_5' title='bbox 317 622 395 688; x_wconf 80' lang='lat' dir='ltr'><em>solis</em></span> <span class='ocrx_word' id='word_1_6' title='bbox 415 621 591 710; x_wconf 69' lang='lat' dir='ltr'><em>tabulariis</em></span> <span class='ocrx_word' id='word_1_7' title='bbox 614 627 654 707; x_wconf 89' lang='lat' dir='ltr'><em>(i.</em></span> <span class='ocrx_word' id='word_1_8' title='bbox 669 648 694 688; x_wconf 88' lang='lat' dir='ltr'><em>e.</em></span> <span class='ocrx_word' id='word_1_9' title='bbox 716 626 754 688; x_wconf 90' lang='lat' dir='ltr'><em>in</em></span> <span class='ocrx_word' id='word_1_10' title='bbox 775 625 909 689; x_wconf 81' lang='lat' dir='ltr'><em>ecclesia</em></span> <span class='ocrx_word' id='word_1_11' title='bbox 928 624 1169 704; x_wconf 84' lang='lat' dir='ltr'><em>manumissis),</em></span> <span class='ocrx_word' id='word_1_12' title='bbox 1190 631 1219 686; x_wconf 88' lang='lat' dir='ltr'><em>et</em></span> <span class='ocrx_word' id='word_1_13' title='bbox 1234 626 1372 708; x_wconf 78' lang='lat' dir='ltr'><em>priuata</em></span> 
     </span>
     <span class='ocr_line' id='line_1_3' title="bbox 256 707 1368 792; baseline 0.002 -21"><span class='ocrx_word' id='word_1_14' title='bbox 256 708 396 792; x_wconf 82' lang='lat' dir='ltr'><em>quidem,</em></span> <span class='ocrx_word' id='word_1_15' title='bbox 417 729 484 771; x_wconf 90' lang='lat' dir='ltr'><em>non</em></span> <span class='ocrx_word' id='word_1_16' title='bbox 503 707 657 790; x_wconf 85' lang='lat' dir='ltr'><em>publica:</em></span> <span class='ocrx_word' id='word_1_17' title='bbox 667 707 786 791; x_wconf 85' lang='lat' dir='ltr'><em>forum</em></span> <span class='ocrx_word' id='word_1_18' title='bbox 806 709 892 771; x_wconf 86' lang='lat' dir='ltr'><em>enirn</em></span> <span class='ocrx_word' id='word_1_19' title='bbox 914 709 1060 792; x_wconf 76' lang='lat' dir='ltr'><em>episcopi</em></span> <span class='ocrx_word' id='word_1_20' title='bbox 1081 715 1149 770; x_wconf 89' lang='lat' dir='ltr'><em>turn</em></span> <span class='ocrx_word' id='word_1_21' title='bbox 1170 707 1273 771; x_wconf 86' lang='lat' dir='ltr'><em>solnm</em></span> <span class='ocrx_word' id='word_1_22' title='bbox 1288 730 1368 773; x_wconf 83' lang='lat' dir='ltr'><em>cora·</em></span> 
     </span>
     <span class='ocr_line' id='line_1_4' title="bbox 150 790 1370 876; baseline 0.003 -26"><span class='ocrx_word' id='word_1_23' title='bbox 150 810 246 861; x_wconf 55' lang='lat' dir='ltr'><em>unes.</em></span> <span class='ocrx_word' id='word_1_24' title='bbox 253 799 366 875; x_wconf 88' lang='lat' dir='ltr'><em>petens</em></span> <span class='ocrx_word' id='word_1_25' title='bbox 393 801 448 871; x_wconf 87' lang='lat' dir='ltr'><em>est,</em></span> <span class='ocrx_word' id='word_1_26' title='bbox 478 790 563 855; x_wconf 76' lang='lat' dir='ltr'><em>*cum</em></span> <span class='ocrx_word' id='word_1_27' title='bbox 591 794 678 855; x_wconf 89' lang='lat' dir='ltr'><em>inter</em></span> <span class='ocrx_word' id='word_1_28' title='bbox 705 793 788 855; x_wconf 83' lang='lat' dir='ltr'><em>duos</em></span> <span class='ocrx_word' id='word_1_29' title='bbox 817 790 1000 856; x_wconf 77' lang='lat' dir='ltr'><em>tabularios</em></span> <span class='ocrx_word' id='word_1_30' title='bbox 1021 812 1126 854; x_wconf 89' lang='lat' dir='ltr'><em>causo</em></span> <span class='ocrx_word' id='word_1_31' title='bbox 1148 792 1270 876; x_wconf 73' lang='lat' dir='ltr'><em>apitur.</em></span> <span class='ocrx_word' id='word_1_32' title='bbox 1319 791 1370 854; x_wconf 90' lang='lat' dir='ltr'><em>De</em></span> 
     </span>
     <span class='ocr_line' id='line_1_5' title="bbox 257 872 1370 960; baseline 0 -22"><span class='ocrx_word' id='word_1_33' title='bbox 257 877 370 939; x_wconf 86' lang='lat' dir='ltr'><em>causis</em></span> <span class='ocrx_word' id='word_1_34' title='bbox 397 875 485 937; x_wconf 92' lang='lat' dir='ltr'><em>inter</em></span> <span class='ocrx_word' id='word_1_35' title='bbox 511 873 640 940; x_wconf 81' lang='lat' dir='ltr'><em>libertos</em></span> <span class='ocrx_word' id='word_1_36' title='bbox 672 885 706 938; x_wconf 92' lang='lat' dir='ltr'><em>at</em></span> <span class='ocrx_word' id='word_1_37' title='bbox 727 897 766 938; x_wconf 89' lang='lat' dir='ltr'><em>ue</em></span> <span class='ocrx_word' id='word_1_38' title='bbox 796 875 940 939; x_wconf 85' lang='lat' dir='ltr'><em>borsines</em></span> <span class='ocrx_word' id='word_1_39' title='bbox 965 875 1063 958; x_wconf 82' lang='lat' dir='ltr'><em>plane</em></span> <span class='ocrx_word' id='word_1_40' title='bbox 1090 875 1253 960; x_wconf 75' lang='lat' dir='ltr'><em>inpenuos</em></span> <span class='ocrx_word' id='word_1_41' title='bbox 1274 872 1370 938; x_wconf 83' lang='lat' dir='ltr'><em>nulla</em></span> 
     </span>
     <span class='ocr_line' id='line_1_6' title="bbox 252 899 1368 1043; baseline 0.001 -21"><span class='ocrx_word' id='word_1_42' title='bbox 252 967 395 1043; x_wconf 86' lang='lat' dir='ltr'><em>potestas</em></span> <span class='ocrx_word' id='word_1_43' title='bbox 417 959 578 1042; x_wconf 88' lang='lat' dir='ltr'><em>episcopis</em></span> <span class='ocrx_word' id='word_1_44' title='bbox 599 899 795 1039; x_wconf 70' lang='lat' dir='ltr'><em>eoncecbitur,</em></span> <span class='ocrx_word' id='word_1_45' title='bbox 820 959 885 1024; x_wconf 89' lang='lat' dir='ltr'><em>sobo</em></span> <span class='ocrx_word' id='word_1_46' title='bbox 908 959 1033 1022; x_wconf 83' lang='lat' dir='ltr'><em>consitis</em></span> <span class='ocrx_word' id='word_1_47' title='bbox 1056 967 1113 1022; x_wconf 88' lang='lat' dir='ltr'><em>ant</em></span> <span class='ocrx_word' id='word_1_48' title='bbox 1134 959 1222 1042; x_wconf 79' lang='lat' dir='ltr'><em>repis</em></span> <span class='ocrx_word' id='word_1_49' title='bbox 1242 957 1368 1023; x_wconf 72' lang='lat' dir='ltr'><em>indicio</em></span> 
     </span>
     <span class='ocr_line' id='line_1_7' title="bbox 255 1039 1370 1126; baseline -0.001 -19"><span class='ocrx_word' id='word_1_50' title='bbox 255 1050 444 1126; x_wconf 73' lang='lat' dir='ltr'><em>competente</em></span> <span class='ocrx_word' id='word_1_51' title='bbox 467 1043 531 1124; x_wconf 85' lang='lat' dir='ltr'><em>(tit.</em></span> <span class='ocrx_word' id='word_1_52' title='bbox 554 1041 604 1124; x_wconf 83' lang='lat'><em>58,</em></span> <span class='ocrx_word' id='word_1_53' title='bbox 635 1067 661 1108; x_wconf 91' lang='lat' dir='ltr'><em>c.</em></span> <span class='ocrx_word' id='word_1_54' title='bbox 683 1045 714 1106; x_wconf 79' lang='lat'><em>5.</em></span> <span class='ocrx_word' id='word_1_55' title='bbox 736 1041 766 1105; x_wconf 90' lang='grc'><em>8.</em></span> <span class='ocrx_word' id='word_1_56' title='bbox 791 1041 840 1106; x_wconf 85' lang='grc'><em>19.</em></span> <span class='ocrx_word' id='word_1_57' title='bbox 861 1043 921 1124; x_wconf 70' lang='lat'><em>215</em></span> <span class='ocrx_word' id='word_1_58' title='bbox 949 1043 996 1105; x_wconf 86' lang='lat' dir='ltr'><em>tit.</em></span> <span class='ocrx_word' id='word_1_59' title='bbox 1018 1043 1070 1122; x_wconf 82' lang='lat'><em>66,</em></span> <span class='ocrx_word' id='word_1_60' title='bbox 1098 1066 1124 1106; x_wconf 88' lang='lat' dir='ltr'><em>a.</em></span> <span class='ocrx_word' id='word_1_61' title='bbox 1146 1043 1234 1122; x_wconf 51' lang='lat'><em>2)¹⁶.¹</em></span> <span class='ocrx_word' id='word_1_62' title='bbox 1278 1039 1370 1115; x_wconf 76' lang='lat' dir='ltr'><em>Quae</em></span> 
     </span>
     <span class='ocr_line' id='line_1_8' title="bbox 253 1123 1371 1210; baseline 0.002 -24"><span class='ocrx_word' id='word_1_63' title='bbox 253 1145 307 1188; x_wconf 89' lang='lat' dir='ltr'><em>res</em></span> <span class='ocrx_word' id='word_1_64' title='bbox 327 1126 398 1188; x_wconf 85' lang='lat' dir='ltr'><em>iuri</em></span> <span class='ocrx_word' id='word_1_65' title='bbox 419 1125 543 1189; x_wconf 74' lang='lat' dir='ltr'><em>saecuti</em></span> <span class='ocrx_word' id='word_1_66' title='bbox 564 1127 691 1210; x_wconf 83' lang='lat' dir='ltr'><em>septimi</em></span> <span class='ocrx_word' id='word_1_67' title='bbox 713 1127 882 1190; x_wconf 87' lang='lat' dir='ltr'><em>contraria</em></span> <span class='ocrx_word' id='word_1_68' title='bbox 902 1135 957 1206; x_wconf 88' lang='lat' dir='ltr'><em>est,</em></span> <span class='ocrx_word' id='word_1_69' title='bbox 982 1149 1055 1189; x_wconf 84' lang='lat' dir='ltr'><em>cuns</em></span> <span class='ocrx_word' id='word_1_70' title='bbox 1080 1123 1290 1190; x_wconf 79' lang='lat' dir='ltr'><em>Cbbotbars‘us</em></span> <span class='ocrx_word' id='word_1_71' title='bbox 1309 1146 1371 1188; x_wconf 80' lang='lat' dir='ltr'><em>ren.</em></span> 
     </span>
     <span class='ocr_line' id='line_1_9' title="bbox 256 1208 1130 1294; baseline -0.002 -22"><span class='ocrx_word' id='word_1_72' title='bbox 256 1229 345 1272; x_wconf 88' lang='lat' dir='ltr'><em>anno</em></span> <span class='ocrx_word' id='word_1_73' title='bbox 366 1208 438 1272; x_wconf 87' lang='grc'><strong>614.</strong></span> <span class='ocrx_word' id='word_1_74' title='bbox 460 1210 590 1272; x_wconf 82' lang='lat' dir='ltr'><em>maiora</em></span> <span class='ocrx_word' id='word_1_75' title='bbox 607 1209 791 1294; x_wconf 86' lang='lat' dir='ltr'><em>prioibepia</em></span> <span class='ocrx_word' id='word_1_76' title='bbox 811 1210 974 1292; x_wconf 88' lang='lat' dir='ltr'><em>episcopis</em></span> <span class='ocrx_word' id='word_1_77' title='bbox 996 1209 1130 1274; x_wconf 81' lang='lat' dir='ltr'><em>dederit.</em></span> 
     </span>
     <span class='ocr_line' id='line_1_10' title="bbox 341 1289 1368 1377; baseline 0 -23"><span class='ocrx_word' id='word_1_78' title='bbox 341 1289 466 1364; x_wconf 83' lang='lat' dir='ltr'><em>Quibus</em></span> <span class='ocrx_word' id='word_1_79' title='bbox 483 1295 685 1377; x_wconf 78' lang='lat' dir='ltr'><em>arpumentis</em></span> <span class='ocrx_word' id='word_1_80' title='bbox 700 1295 852 1376; x_wconf 85' lang='lat' dir='ltr'><em>spectatis</em></span> <span class='ocrx_word' id='word_1_81' title='bbox 869 1314 936 1376; x_wconf 92' lang='lat' dir='ltr'><em>pro</em></span> <span class='ocrx_word' id='word_1_82' title='bbox 958 1301 1042 1355; x_wconf 80' lang='lat' dir='ltr'><em>certo</em></span> <span class='ocrx_word' id='word_1_83' title='bbox 1058 1292 1172 1356; x_wconf 86' lang='lat' dir='ltr'><em>babere</em></span> <span class='ocrx_word' id='word_1_84' title='bbox 1182 1313 1368 1374; x_wconf 83' lang='lat' dir='ltr'><em>possumus,</em></span> 
     </span>
     <span class='ocr_line' id='line_1_11' title="bbox 255 1374 1368 1460; baseline -0.001 -22"><span class='ocrx_word' id='word_1_85' title='bbox 255 1377 513 1440; x_wconf 83' lang='lat' dir='ltr'><em>constitutionem</em></span> <span class='ocrx_word' id='word_1_86' title='bbox 533 1399 567 1438; x_wconf 88' lang='lat' dir='ltr'><em>re</em></span> <span class='ocrx_word' id='word_1_87' title='bbox 592 1377 668 1456; x_wconf 89' lang='lat' dir='ltr'><em>iarn,</em></span> <span class='ocrx_word' id='word_1_88' title='bbox 692 1399 774 1460; x_wconf 80' lang='lat' dir='ltr'><em>quae</em></span> <span class='ocrx_word' id='word_1_89' title='bbox 796 1375 901 1439; x_wconf 81' lang='lat' dir='ltr'><em>titulis</em></span> <span class='ocrx_word' id='word_1_90' title='bbox 920 1374 1056 1441; x_wconf 80' lang='lat'><strong>57-62.</strong></span> <span class='ocrx_word' id='word_1_91' title='bbox 1077 1375 1107 1438; x_wconf 87' lang='lat' dir='ltr'><em>be</em></span> <span class='ocrx_word' id='word_1_92' title='bbox 1132 1377 1161 1438; x_wconf 94' lang='lat' dir='ltr'><em>is</em></span> <span class='ocrx_word' id='word_1_93' title='bbox 1182 1375 1368 1438; x_wconf 79' lang='lat' dir='ltr'><em>Bibuariac</em></span> 
     </span>
     <span class='ocr_line' id='line_1_12' title="bbox 254 1399 1369 1544; baseline -0.002 -22"><span class='ocrx_word' id='word_1_94' title='bbox 254 1459 447 1538; x_wconf 87' lang='lat' dir='ltr'><em>continetur,</em></span> <span class='ocrx_word' id='word_1_95' title='bbox 475 1399 604 1522; x_wconf 73' lang='lat' dir='ltr'><em>succubo</em></span> <span class='ocrx_word' id='word_1_96' title='bbox 629 1469 718 1523; x_wconf 80' lang='lat' dir='ltr'><em>sento</em></span> <span class='ocrx_word' id='word_1_97' title='bbox 740 1469 883 1541; x_wconf 83' lang='lat' dir='ltr'><em>eneunte,</em></span> <span class='ocrx_word' id='word_1_98' title='bbox 900 1458 1050 1544; x_wconf 82' lang='lat' dir='ltr'><em>fortasse</em></span> <span class='ocrx_word' id='word_1_99' title='bbox 1074 1457 1102 1525; x_wconf 79' lang='lat' dir='ltr'><strong><em>G</em></strong></span> <span class='ocrx_word' id='word_1_100' title='bbox 1121 1458 1272 1524; x_wconf 83' lang='lat' dir='ltr'><em>ildeberto</em></span> <span class='ocrx_word' id='word_1_101' title='bbox 1294 1479 1369 1542; x_wconf 81' lang='lat' dir='ltr'><em>repe</em></span> 
     </span>
    </p>
   </div>
   <div class='ocr_carea' id='block_1_3' title="bbox 254 1539 853 1744">
    <p class='ocr_par' dir='ltr' id='par_1_3' title="bbox 254 1539 853 1744">
     <span class='ocr_line' id='line_1_13' title="bbox 254 1539 728 1623; baseline -0.002 -18"><span class='ocrx_word' id='word_1_102' title='bbox 254 1546 304 1622; x_wconf 90' lang='lat' dir='ltr'><em>(a.</em></span> <span class='ocrx_word' id='word_1_103' title='bbox 325 1539 510 1623; x_wconf 74' lang='lat' dir='ltr'><em>oto-596)</em></span> <span class='ocrx_word' id='word_1_104' title='bbox 531 1543 632 1606; x_wconf 86' lang='lat' dir='ltr'><em>batarn</em></span> <span class='ocrx_word' id='word_1_105' title='bbox 653 1565 728 1607; x_wconf 87' lang='lat' dir='ltr'><em>esse.</em></span> 
     </span>
     <span class='ocr_line' id='line_1_14' title="bbox 770 1662 853 1744; baseline 0.012 -18"><span class='ocrx_word' id='word_1_106' title='bbox 770 1665 801 1744; x_wconf 67' lang='grc' dir='ltr'><em>ξ.</em></span> <span class='ocrx_word' id='word_1_107' title='bbox 823 1662 853 1727; x_wconf 87' lang='grc'><em>6.</em></span> 
     </span>
    </p>
   </div>
   <div class='ocr_carea' id='block_1_4' title="bbox 256 1746 1380 1933">
    <p class='ocr_par' dir='ltr' id='par_1_4' title="bbox 256 1746 1380 1933">
     <span class='ocr_line' id='line_1_15' title="bbox 256 1746 1380 1850; baseline -0.001 -25"><span class='ocrx_word' id='word_1_108' title='bbox 256 1760 409 1836; x_wconf 82' lang='lat' dir='ltr'><em>Quibus</em></span> <span class='ocrx_word' id='word_1_109' title='bbox 438 1763 684 1847; x_wconf 83' lang='lat' dir='ltr'><em>temporibus</em></span> <span class='ocrx_word' id='word_1_110' title='bbox 710 1764 898 1850; x_wconf 78' lang='lat' dir='ltr'><em>sinqubae</em></span> <span class='ocrx_word' id='word_1_111' title='bbox 921 1772 1065 1848; x_wconf 88' lang='lat' dir='ltr'><em>partes</em></span> <span class='ocrx_word' id='word_1_112' title='bbox 1094 1763 1199 1848; x_wconf 77' lang='lat' dir='ltr'><em>lepis</em></span> <span class='ocrx_word' id='word_1_113' title='bbox 1223 1746 1380 1826; x_wconf 65' lang='lat' dir='ltr'><em>Rtbua?</em></span> 
     </span>
     <span class='ocr_line' id='line_1_16' title="bbox 559 1848 1060 1933; baseline 0.006 -25"><span class='ocrx_word' id='word_1_114' title='bbox 559 1848 651 1910; x_wconf 89' lang='lat' dir='ltr'><em>riae</em></span> <span class='ocrx_word' id='word_1_115' title='bbox 673 1849 942 1933; x_wconf 73' lang='lat' dir='ltr'><em>conscriptae</em></span> <span class='ocrx_word' id='word_1_116' title='bbox 964 1849 1060 1912; x_wconf 89' lang='lat' dir='ltr'><em>sint.</em></span> 
     </span>
    </p>
   </div>
   <div class='ocr_carea' id='block_1_5' title="bbox 250 1946 1459 3283">
    <p class='ocr_par' dir='ltr' id='par_1_5' title="bbox 252 1946 1367 2344">
     <span class='ocr_line' id='line_1_17' title="bbox 335 1946 1367 2032; baseline -0.002 -22"><span class='ocrx_word' id='word_1_117' title='bbox 335 1946 450 2010; x_wconf 85' lang='lat' dir='ltr'><em>Prima</em></span> <span class='ocrx_word' id='word_1_118' title='bbox 465 1968 552 2031; x_wconf 87' lang='lat' dir='ltr'><em>pars</em></span> <span class='ocrx_word' id='word_1_119' title='bbox 573 1947 655 2032; x_wconf 82' lang='lat' dir='ltr'><em>lepis</em></span> <span class='ocrx_word' id='word_1_120' title='bbox 675 1947 859 2013; x_wconf 84' lang='lat' dir='ltr'><em>Ribuarioe</em></span> <span class='ocrx_word' id='word_1_121' title='bbox 882 1952 946 2031; x_wconf 91' lang='lat' dir='ltr'><em>(tit.</em></span> <span class='ocrx_word' id='word_1_122' title='bbox 965 1950 1096 2030; x_wconf 82' lang='lat'><em>1-31),</em></span> <span class='ocrx_word' id='word_1_123' title='bbox 1138 1965 1184 2012; x_wconf 82' lang='lat' dir='ltr'><em>uo</em></span> <span class='ocrx_word' id='word_1_124' title='bbox 1203 1954 1292 2010; x_wconf 87' lang='lat' dir='ltr'><em>vetus</em></span> <span class='ocrx_word' id='word_1_125' title='bbox 1313 1947 1367 2010; x_wconf 88' lang='lat' dir='ltr'><em>ins</em></span> 
     </span>
     <span class='ocr_line' id='line_1_18' title="bbox 254 1969 1367 2118; baseline -0.002 -24"><span class='ocrx_word' id='word_1_126' title='bbox 254 2033 529 2114; x_wconf 85' lang='lat' dir='ltr'><em>compositionum,</em></span> <span class='ocrx_word' id='word_1_127' title='bbox 552 2031 639 2116; x_wconf 68' lang='lat' dir='ltr'><em>quood</em></span> <span class='ocrx_word' id='word_1_128' title='bbox 659 2030 734 2095; x_wconf 79' lang='lat' dir='ltr'><em>otim</em></span> <span class='ocrx_word' id='word_1_129' title='bbox 749 2033 841 2116; x_wconf 82' lang='lat' dir='ltr'><em>apud</em></span> <span class='ocrx_word' id='word_1_130' title='bbox 855 2033 1036 2097; x_wconf 85' lang='lat' dir='ltr'><em>Ribuorios</em></span> <span class='ocrx_word' id='word_1_131' title='bbox 1050 1969 1187 2118; x_wconf 72' lang='lat' dir='ltr'><em>oiyebat,</em></span> <span class='ocrx_word' id='word_1_132' title='bbox 1208 2031 1367 2094; x_wconf 84' lang='lat' dir='ltr'><em>traditum</em></span> 
     </span>
     <span class='ocr_line' id='line_1_19' title="bbox 252 2115 1367 2200; baseline 0 -24"><span class='ocrx_word' id='word_1_133' title='bbox 252 2122 307 2193; x_wconf 84' lang='lat' dir='ltr'><em>est,</em></span> <span class='ocrx_word' id='word_1_134' title='bbox 329 2116 484 2178; x_wconf 86' lang='lat' dir='ltr'><em>uetustior</em></span> <span class='ocrx_word' id='word_1_135' title='bbox 505 2123 550 2178; x_wconf 86' lang='lat' dir='ltr'><em>est</em></span> <span class='ocrx_word' id='word_1_136' title='bbox 571 2117 682 2178; x_wconf 86' lang='lat' dir='ltr'><em>ceteris</em></span> <span class='ocrx_word' id='word_1_137' title='bbox 698 2116 864 2199; x_wconf 85' lang='lat' dir='ltr'><em>partibus,</em></span> <span class='ocrx_word' id='word_1_138' title='bbox 887 2138 970 2200; x_wconf 79' lang='lat' dir='ltr'><em>quae</em></span> <span class='ocrx_word' id='word_1_139' title='bbox 991 2115 1060 2180; x_wconf 88' lang='lat' dir='ltr'><em>boco</em></span> <span class='ocrx_word' id='word_1_140' title='bbox 1081 2125 1221 2178; x_wconf 85' lang='lat' dir='ltr'><em>ueterum</em></span> <span class='ocrx_word' id='word_1_141' title='bbox 1242 2135 1367 2198; x_wconf 86' lang='lat' dir='ltr'><em>compo·</em></span> 
     </span>
     <span class='ocr_line' id='line_1_20' title="bbox 252 2196 1366 2284; baseline 0.001 -25"><span class='ocrx_word' id='word_1_142' title='bbox 252 2198 409 2262; x_wconf 87' lang='lat' dir='ltr'><em>sitionurn</em></span> <span class='ocrx_word' id='word_1_143' title='bbox 431 2196 563 2262; x_wconf 80' lang='lat' dir='ltr'><em>Salices</em></span> <span class='ocrx_word' id='word_1_144' title='bbox 590 2200 835 2282; x_wconf 84' lang='lat' dir='ltr'><em>compositiones</em></span> <span class='ocrx_word' id='word_1_145' title='bbox 864 2201 959 2284; x_wconf 78' lang='lat' dir='ltr'><em>apud</em></span> <span class='ocrx_word' id='word_1_146' title='bbox 983 2199 1166 2264; x_wconf 81' lang='lat' dir='ltr'><em>Ribuorios</em></span> <span class='ocrx_word' id='word_1_147' title='bbox 1195 2205 1366 2282; x_wconf 85' lang='lat' dir='ltr'><em>conceptas</em></span> 
     </span>
     <span class='ocr_line' id='line_1_21' title="bbox 252 2281 521 2344; baseline 0.007 -2"><span class='ocrx_word' id='word_1_148' title='bbox 252 2302 317 2344; x_wconf 90' lang='lat' dir='ltr'><em>esse</em></span> <span class='ocrx_word' id='word_1_149' title='bbox 340 2281 521 2344; x_wconf 83' lang='lat' dir='ltr'><em>ostendunt.</em></span> 
     </span>
    </p>

    <p class='ocr_par' dir='ltr' id='par_1_6' title="bbox 250 2362 1367 2679">
     <span class='ocr_line' id='line_1_22' title="bbox 336 2362 1366 2449; baseline -0.001 -21"><span class='ocrx_word' id='word_1_150' title='bbox 336 2362 491 2428; x_wconf 78' lang='lat' dir='ltr'><em>Secunda</em></span> <span class='ocrx_word' id='word_1_151' title='bbox 507 2386 594 2446; x_wconf 89' lang='lat' dir='ltr'><em>pars</em></span> <span class='ocrx_word' id='word_1_152' title='bbox 608 2363 690 2447; x_wconf 81' lang='lat' dir='ltr'><em>lepis</em></span> <span class='ocrx_word' id='word_1_153' title='bbox 704 2365 889 2430; x_wconf 84' lang='lat' dir='ltr'><em>Ribuariae</em></span> <span class='ocrx_word' id='word_1_154' title='bbox 910 2367 976 2449; x_wconf 89' lang='lat' dir='ltr'><em>(tit.</em></span> <span class='ocrx_word' id='word_1_155' title='bbox 991 2364 1127 2444; x_wconf 80' lang='lat'><em>32-64,</em></span> <span class='ocrx_word' id='word_1_156' title='bbox 1142 2372 1278 2448; x_wconf 82' lang='lat' dir='ltr'><em>encepta</em></span> <span class='ocrx_word' id='word_1_157' title='bbox 1293 2385 1366 2427; x_wconf 93' lang='lat' dir='ltr'><em>con-</em></span> 
     </span>
     <span class='ocr_line' id='line_1_23' title="bbox 250 2447 1365 2533; baseline -0.002 -23"><span class='ocrx_word' id='word_1_158' title='bbox 250 2448 416 2512; x_wconf 84' lang='lat' dir='ltr'><em>stitutione</em></span> <span class='ocrx_word' id='word_1_159' title='bbox 436 2450 532 2532; x_wconf 81' lang='lat' dir='ltr'><em>repia</em></span> <span class='ocrx_word' id='word_1_160' title='bbox 553 2449 599 2514; x_wconf 89' lang='lat' dir='ltr'><em>tit.</em></span> <span class='ocrx_word' id='word_1_161' title='bbox 621 2447 763 2529; x_wconf 77' lang='lat'>57-62)</span> <span class='ocrx_word' id='word_1_162' title='bbox 780 2458 858 2533; x_wconf 81' lang='lat' dir='ltr'><em>post</em></span> <span class='ocrx_word' id='word_1_163' title='bbox 875 2451 1021 2533; x_wconf 83' lang='lat' dir='ltr'><em>prirnorn</em></span> <span class='ocrx_word' id='word_1_164' title='bbox 1038 2457 1180 2533; x_wconf 83' lang='lat' dir='ltr'><em>partem,</em></span> <span class='ocrx_word' id='word_1_165' title='bbox 1211 2447 1268 2510; x_wconf 81' lang='lat' dir='ltr'><em>sed</em></span> <span class='ocrx_word' id='word_1_166' title='bbox 1291 2456 1365 2510; x_wconf 88' lang='lat' dir='ltr'><em>onte</em></span> 
     </span>
     <span class='ocr_line' id='line_1_24' title="bbox 250 2529 1367 2616; baseline -0.001 -23"><span class='ocrx_word' id='word_1_167' title='bbox 250 2533 378 2616; x_wconf 74' lang='lat' dir='ltr'><em>rapiam</em></span> <span class='ocrx_word' id='word_1_168' title='bbox 392 2532 659 2613; x_wconf 81' lang='lat' dir='ltr'><em>constitutionem,</em></span> <span class='ocrx_word' id='word_1_169' title='bbox 682 2553 765 2616; x_wconf 83' lang='lat' dir='ltr'><em>quoe</em></span> <span class='ocrx_word' id='word_1_170' title='bbox 779 2533 883 2596; x_wconf 86' lang='lat' dir='ltr'><em>titulis</em></span> <span class='ocrx_word' id='word_1_171' title='bbox 897 2531 1032 2597; x_wconf 64' lang='lat' dir='ltr'><em>{st-62.</em></span> <span class='ocrx_word' id='word_1_172' title='bbox 1055 2533 1238 2597; x_wconf 88' lang='lat' dir='ltr'><em>continetur</em></span> <span class='ocrx_word' id='word_1_173' title='bbox 1256 2536 1301 2613; x_wconf 58' lang='lat'><em>(5.</em></span> <span class='ocrx_word' id='word_1_174' title='bbox 1316 2529 1367 2610; x_wconf 80' lang='lat'><em>5),</em></span> 
     </span>
     <span class='ocr_line' id='line_1_25' title="bbox 251 2623 482 2679; baseline -0.022 0"><span class='ocrx_word' id='word_1_175' title='bbox 251 2637 346 2679; x_wconf 91' lang='lat' dir='ltr'><em>conce</em></span> <span class='ocrx_word' id='word_1_176' title='bbox 371 2625 406 2677; x_wconf 86' lang='lat' dir='ltr'><em>ta</em></span> <span class='ocrx_word' id='word_1_177' title='bbox 427 2623 482 2677; x_wconf 65' lang='lat' dir='ltr'><em>est,</em></span> 
     </span>
    </p>

    <p class='ocr_par' dir='ltr' id='par_1_7' title="bbox 252 2693 1374 2864">
     <span class='ocr_line' id='line_1_26' title="bbox 363 2693 1374 2782; baseline -0.001 -21"><span class='ocrx_word' id='word_1_178' title='bbox 363 2699 529 2762; x_wconf 87' lang='lat' dir='ltr'><em>anstitutio</em></span> <span class='ocrx_word' id='word_1_179' title='bbox 550 2699 655 2782; x_wconf 82' lang='lat' dir='ltr'><em>repia,</em></span> <span class='ocrx_word' id='word_1_180' title='bbox 685 2720 783 2782; x_wconf 80' lang='lat' dir='ltr'><em>quarn</em></span> <span class='ocrx_word' id='word_1_181' title='bbox 803 2697 891 2763; x_wconf 87' lang='lat' dir='ltr'><em>tituli</em></span> <span class='ocrx_word' id='word_1_182' title='bbox 911 2698 1047 2765; x_wconf 78' lang='lat'><strong>57-62.</strong></span> <span class='ocrx_word' id='word_1_183' title='bbox 1069 2699 1216 2778; x_wconf 81' lang='lat' dir='ltr'><em>tradunt,</em></span> <span class='ocrx_word' id='word_1_184' title='bbox 1237 2693 1374 2773; x_wconf 25' lang='lat' dir='ltr'><em>saeculo·</em></span> 
     </span>
     <span class='ocr_line' id='line_1_27' title="bbox 252 2780 788 2864; baseline 0.006 -22"><span class='ocrx_word' id='word_1_185' title='bbox 252 2789 338 2844; x_wconf 82' lang='lat' dir='ltr'><em>sento</em></span> <span class='ocrx_word' id='word_1_186' title='bbox 360 2790 493 2844; x_wconf 73' lang='lat' dir='ltr'><em>exeunte</em></span> <span class='ocrx_word' id='word_1_187' title='bbox 515 2780 584 2844; x_wconf 87' lang='lat' dir='ltr'><em>lata</em></span> <span class='ocrx_word' id='word_1_188' title='bbox 606 2791 651 2844; x_wconf 86' lang='lat' dir='ltr'><em>est</em></span> <span class='ocrx_word' id='word_1_189' title='bbox 673 2787 718 2864; x_wconf 48' lang='grc' dir='ltr'><em>(Αἵ.</em></span> <span class='ocrx_word' id='word_1_190' title='bbox 740 2781 788 2861; x_wconf 82' lang='lat'><em>5).</em></span> 
     </span>
    </p>

    <p class='ocr_par' dir='ltr' id='par_1_8' title="bbox 251 2863 1459 3116">
     <span class='ocr_line' id='line_1_28' title="bbox 338 2863 1367 2948; baseline -0.003 -20"><span class='ocrx_word' id='word_1_191' title='bbox 338 2864 446 2928; x_wconf 88' lang='lat' dir='ltr'><em>Tertia</em></span> <span class='ocrx_word' id='word_1_192' title='bbox 462 2865 527 2946; x_wconf 79' lang='lat' dir='ltr'><em>(tit.</em></span> <span class='ocrx_word' id='word_1_193' title='bbox 543 2865 685 2943; x_wconf 80' lang='lat'>65-79)</span> <span class='ocrx_word' id='word_1_194' title='bbox 705 2873 800 2948; x_wconf 83' lang='lat' dir='ltr'><em>atque</em></span> <span class='ocrx_word' id='word_1_195' title='bbox 816 2873 936 2948; x_wconf 79' lang='lat' dir='ltr'><em>quarta</em></span> <span class='ocrx_word' id='word_1_196' title='bbox 952 2867 1017 2948; x_wconf 83' lang='lat' dir='ltr'><em>(tit.</em></span> <span class='ocrx_word' id='word_1_197' title='bbox 1032 2863 1175 2943; x_wconf 85' lang='lat'><em>80-89)</em></span> <span class='ocrx_word' id='word_1_198' title='bbox 1192 2885 1281 2947; x_wconf 89' lang='lat' dir='ltr'><em>pars</em></span> <span class='ocrx_word' id='word_1_199' title='bbox 1290 2870 1367 2948; x_wconf 88' lang='lat' dir='ltr'><em>post</em></span> 
     </span>
     <span class='ocr_line' id='line_1_29' title="bbox 251 2945 1459 3032; baseline 0 -24"><span class='ocrx_word' id='word_1_200' title='bbox 251 2947 427 3011; x_wconf 80' lang='lat' dir='ltr'><em>secundans</em></span> <span class='ocrx_word' id='word_1_201' title='bbox 456 2955 585 3032; x_wconf 82' lang='lat' dir='ltr'><em>partera</em></span> <span class='ocrx_word' id='word_1_202' title='bbox 617 2951 821 3031; x_wconf 73' lang='lat' dir='ltr'><em>conscriptae</em></span> <span class='ocrx_word' id='word_1_203' title='bbox 854 2957 928 3011; x_wconf 88' lang='lat' dir='ltr'><em>sunt</em></span> <span class='ocrx_word' id='word_1_204' title='bbox 960 2947 1040 3032; x_wconf 87' lang='lat' dir='ltr'><em>(cfr.</em></span> <span class='ocrx_word' id='word_1_205' title='bbox 1069 2954 1100 3026; x_wconf 68' lang='lat' dir='ltr'><em>b·</em></span> <span class='ocrx_word' id='word_1_206' title='bbox 1130 2948 1161 3027; x_wconf 80' lang='lat'><em>2,</em></span> <span class='ocrx_word' id='word_1_207' title='bbox 1194 2946 1261 3027; x_wconf 89' lang='grc' dir='ltr'><em>ΙΙΙ,</em></span> <span class='ocrx_word' id='word_1_208' title='bbox 1292 2945 1375 3026; x_wconf 70' lang='lat' dir='ltr'><em>IV).&#39;</em></span> <span class='ocrx_word' id='word_1_209' title='bbox 1454 2977 1459 2986; x_wconf 94' lang='lat'>·</span> 
     </span>
     <span class='ocr_line' id='line_1_30' title="bbox 253 3028 1367 3116; baseline -0.002 -22"><span class='ocrx_word' id='word_1_210' title='bbox 253 3028 380 3094; x_wconf 82' lang='lat' dir='ltr'><em>Titulus</em></span> <span class='ocrx_word' id='word_1_211' title='bbox 402 3030 452 3094; x_wconf 81' lang='lat'><em>87.</em></span> <span class='ocrx_word' id='word_1_212' title='bbox 482 3040 619 3114; x_wconf 79' lang='lat' dir='ltr'><em>quartae</em></span> <span class='ocrx_word' id='word_1_213' title='bbox 639 3033 752 3115; x_wconf 87' lang='lat' dir='ltr'><em>partis</em></span> <span class='ocrx_word' id='word_1_214' title='bbox 776 3029 830 3116; x_wconf 83' lang='lat' dir='ltr'><em>(de</em></span> <span class='ocrx_word' id='word_1_215' title='bbox 852 3029 980 3094; x_wconf 87' lang='lat' dir='ltr'><em>homine</em></span> <span class='ocrx_word' id='word_1_216' title='bbox 1001 3031 1207 3116; x_wconf 84' lang='lat' dir='ltr'><em>forbannito),</em></span> <span class='ocrx_word' id='word_1_217' title='bbox 1233 3053 1305 3094; x_wconf 86' lang='lat' dir='ltr'><em>curn</em></span> <span class='ocrx_word' id='word_1_218' title='bbox 1326 3030 1367 3110; x_wconf 90' lang='lat' dir='ltr'><em>ei,</em></span> 
     </span>
    </p>

    <p class='ocr_par' dir='ltr' id='par_1_9' title="bbox 251 3113 1366 3283">
     <span class='ocr_line' id='line_1_31' title="bbox 272 3113 1365 3199; baseline 0 -23"><span class='ocrx_word' id='word_1_219' title='bbox 272 3115 311 3178; x_wconf 89' lang='lat' dir='ltr'><em>ui</em></span> <span class='ocrx_word' id='word_1_220' title='bbox 331 3114 489 3178; x_wconf 83' lang='lat' dir='ltr'><em>bominem</em></span> <span class='ocrx_word' id='word_1_221' title='bbox 501 3113 735 3198; x_wconf 79' lang='lat' dir='ltr'><em>forbannitum</em></span> <span class='ocrx_word' id='word_1_222' title='bbox 757 3117 922 3197; x_wconf 86' lang='lat' dir='ltr'><em>receperit,</em></span> <span class='ocrx_word' id='word_1_223' title='bbox 940 3137 1083 3199; x_wconf 84' lang='lat' dir='ltr'><em>poenam</em></span> <span class='ocrx_word' id='word_1_224' title='bbox 1098 3115 1273 3199; x_wconf 80' lang='lat' dir='ltr'><em>senapinta</em></span> <span class='ocrx_word' id='word_1_225' title='bbox 1288 3113 1365 3178; x_wconf 86' lang='lat' dir='ltr'><em>sobi-</em></span> 
     </span>
     <span class='ocr_line' id='line_1_32' title="bbox 251 3136 1366 3283; baseline -0.002 -23"><span class='ocrx_word' id='word_1_226' title='bbox 251 3136 368 3261; x_wconf 70' lang='lat' dir='ltr'><em>borurn</em></span> <span class='ocrx_word' id='word_1_227' title='bbox 391 3198 445 3278; x_wconf 81' lang='lat' dir='ltr'><em>(id</em></span> <span class='ocrx_word' id='word_1_228' title='bbox 467 3207 511 3261; x_wconf 90' lang='lat' dir='ltr'><em>est</em></span> <span class='ocrx_word' id='word_1_229' title='bbox 528 3198 631 3262; x_wconf 87' lang='lat' dir='ltr'><em>banni</em></span> <span class='ocrx_word' id='word_1_230' title='bbox 645 3201 748 3282; x_wconf 78' lang='lat' dir='ltr'><em>repii)</em></span> <span class='ocrx_word' id='word_1_231' title='bbox 770 3198 937 3283; x_wconf 84' lang='lat' dir='ltr'><em>iniunpat,</em></span> <span class='ocrx_word' id='word_1_232' title='bbox 960 3207 996 3262; x_wconf 91' lang='lat' dir='ltr'><em>ut</em></span> <span class='ocrx_word' id='word_1_233' title='bbox 1018 3218 1039 3262; x_wconf 87' lang='lat' dir='ltr'><em>a</em></span> <span class='ocrx_word' id='word_1_234' title='bbox 1060 3199 1220 3261; x_wconf 86' lang='lat' dir='ltr'><em>iure-tam</em></span> <span class='ocrx_word' id='word_1_235' title='bbox 1242 3195 1366 3260; x_wconf 83' lang='lat' dir='ltr'><em>saeculi</em></span> 
     </span>
    </p>
   </div>
   <div class='ocr_carea' id='block_1_6' title="bbox 249 3279 1367 3698">
    <p class='ocr_par' dir='ltr' id='par_1_10' title="bbox 251 3279 1367 3380">
     <span class='ocr_line' id='line_1_33' title="bbox 251 3279 1367 3380; baseline -0.001 -36"><span class='ocrx_word' id='word_1_236' title='bbox 251 3281 334 3344; x_wconf 81' lang='lat' dir='ltr'><em>senti</em></span> <span class='ocrx_word' id='word_1_237' title='bbox 352 3304 450 3380; x_wconf 81' lang='lat' dir='ltr'><em>quarn</em></span> <span class='ocrx_word' id='word_1_238' title='bbox 465 3282 589 3346; x_wconf 84' lang='lat' dir='ltr'><em>saecuti</em></span> <span class='ocrx_word' id='word_1_239' title='bbox 603 3285 684 3345; x_wconf 91' lang='lat' dir='ltr'><em>noni</em></span> <span class='ocrx_word' id='word_1_240' title='bbox 699 3283 857 3363; x_wconf 88' lang='lat' dir='ltr'><em>abborret,</em></span> <span class='ocrx_word' id='word_1_241' title='bbox 879 3283 930 3346; x_wconf 89' lang='lat' dir='ltr'><em>ita</em></span> <span class='ocrx_word' id='word_1_242' title='bbox 947 3306 1019 3346; x_wconf 85' lang='lat' dir='ltr'><em>curn</em></span> <span class='ocrx_word' id='word_1_243' title='bbox 1034 3283 1107 3346; x_wconf 87' lang='lat' dir='ltr'><em>iure</em></span> <span class='ocrx_word' id='word_1_244' title='bbox 1121 3279 1245 3345; x_wconf 83' lang='lat' dir='ltr'><em>saeculi</em></span> <span class='ocrx_word' id='word_1_245' title='bbox 1260 3280 1367 3344; x_wconf 83' lang='lat' dir='ltr'><em>octavi</em></span> 
     </span>
    </p>

    <p class='ocr_par' dir='ltr' id='par_1_11' title="bbox 250 3373 1364 3615">
     <span class='ocr_line' id='line_1_34' title="bbox 250 3373 1298 3528; baseline 0.001 -19"><span class='ocrx_word' id='word_1_246' title='bbox 250 3373 427 3519; x_wconf 48' lang='lat' dir='ltr'><em>convgbbre</em></span> <span class='ocrx_word' id='word_1_247' title='bbox 449 3451 592 3512; x_wconf 80' lang='lat' dir='ltr'><em>cunita</em></span> <span class='ocrx_word' id='word_1_248' title='bbox 614 3450 689 3528; x_wconf 89' lang='lat' dir='ltr'><em>sint,</em></span> <span class='ocrx_word' id='word_1_249' title='bbox 712 3451 792 3513; x_wconf 88' lang='lat' dir='ltr'><em>baec</em></span> <span class='ocrx_word' id='word_1_250' title='bbox 813 3450 895 3512; x_wconf 86' lang='lat' dir='ltr'><em>rnibi</em></span> <span class='ocrx_word' id='word_1_251' title='bbox 916 3471 994 3512; x_wconf 87' lang='lat' dir='ltr'><em>vera</em></span> <span class='ocrx_word' id='word_1_252' title='bbox 1016 3469 1081 3512; x_wconf 88' lang='lat' dir='ltr'><em>esse</em></span> <span class='ocrx_word' id='word_1_253' title='bbox 1102 3447 1273 3511; x_wconf 82' lang='lat' dir='ltr'><em>uidentur:</em></span> <span class='ocrx_word' id='word_1_254' title='bbox 1297 3427 1298 3430; x_wconf 8' lang='grc' dir='ltr'><strong>Ἴ</strong></span> 
     </span>
     <span class='ocr_line' id='line_1_35' title="bbox 333 3529 1364 3615; baseline 0.001 -24"><span class='ocrx_word' id='word_1_255' title='bbox 333 3529 447 3593; x_wconf 78' lang='lat' dir='ltr'><em>Priona</em></span> <span class='ocrx_word' id='word_1_256' title='bbox 471 3551 556 3612; x_wconf 87' lang='lat' dir='ltr'><em>pars</em></span> <span class='ocrx_word' id='word_1_257' title='bbox 583 3530 665 3615; x_wconf 78' lang='lat' dir='ltr'><em>lepis</em></span> <span class='ocrx_word' id='word_1_258' title='bbox 685 3532 870 3597; x_wconf 82' lang='lat' dir='ltr'><em>Ribuariae</em></span> <span class='ocrx_word' id='word_1_259' title='bbox 899 3534 963 3615; x_wconf 87' lang='lat' dir='ltr'><em>(tit.</em></span> <span class='ocrx_word' id='word_1_260' title='bbox 988 3531 1107 3612; x_wconf 78' lang='lat'><strong>1-31)</strong></span> <span class='ocrx_word' id='word_1_261' title='bbox 1131 3533 1247 3614; x_wconf 83' lang='lat' dir='ltr'><em>prima</em></span> <span class='ocrx_word' id='word_1_262' title='bbox 1265 3538 1364 3615; x_wconf 85' lang='lat' dir='ltr'><em>parte</em></span> 
     </span>
    </p>

    <p class='ocr_par' dir='ltr' id='par_1_12' title="bbox 249 3611 1365 3698">
     <span class='ocr_line' id='line_1_36' title="bbox 249 3611 1365 3698; baseline 0.002 -24"><span class='ocrx_word' id='word_1_263' title='bbox 249 3611 374 3676; x_wconf 85' lang='lat' dir='ltr'><em>saeculi</em></span> <span class='ocrx_word' id='word_1_264' title='bbox 394 3615 486 3695; x_wconf 84' lang='lat' dir='ltr'><em>scuti,</em></span> <span class='ocrx_word' id='word_1_265' title='bbox 509 3615 655 3678; x_wconf 84' lang='lat' dir='ltr'><em>secunda</em></span> <span class='ocrx_word' id='word_1_266' title='bbox 666 3637 751 3698; x_wconf 87' lang='lat' dir='ltr'><em>pars</em></span> <span class='ocrx_word' id='word_1_267' title='bbox 767 3617 834 3698; x_wconf 78' lang='lat' dir='ltr'><em>(tit.</em></span> <span class='ocrx_word' id='word_1_268' title='bbox 848 3615 989 3697; x_wconf 80' lang='lat'><em>32-64)</em></span> <span class='ocrx_word' id='word_1_269' title='bbox 1012 3614 1157 3679; x_wconf 76' lang='lat' dir='ltr'><em>secunda</em></span> <span class='ocrx_word' id='word_1_270' title='bbox 1173 3623 1272 3698; x_wconf 87' lang='lat' dir='ltr'><em>parte</em></span> <span class='ocrx_word' id='word_1_271' title='bbox 1294 3635 1365 3676; x_wconf 87' lang='lat' dir='ltr'><em>sae·</em></span> 
     </span>
    </p>
   </div>
   <div class='ocr_carea' id='block_1_7' title="bbox 243 3811 1372 4462">
    <p class='ocr_par' dir='ltr' id='par_1_13' title="bbox 243 3811 1372 4462">
     <span class='ocr_line' id='line_1_37' title="bbox 250 3811 1365 3880; baseline 0.002 -20"><span class='ocrx_word' id='word_1_272' title='bbox 250 3827 301 3861; x_wconf 86' lang='lat' dir='ltr'><em>nec</em></span> <span class='ocrx_word' id='word_1_273' title='bbox 317 3811 418 3876; x_wconf 83' lang='lat' dir='ltr'><em>absque</em></span> <span class='ocrx_word' id='word_1_274' title='bbox 437 3812 589 3878; x_wconf 79' lang='lat' dir='ltr'><em>praesentia</em></span> <span class='ocrx_word' id='word_1_275' title='bbox 608 3814 729 3880; x_wconf 82' lang='lat' dir='ltr'><em>episcopi</em></span> <span class='ocrx_word' id='word_1_276' title='bbox 748 3819 796 3864; x_wconf 81' lang='lat' dir='ltr'><em>eut</em></span> <span class='ocrx_word' id='word_1_277' title='bbox 811 3814 958 3880; x_wconf 82' lang='lat' dir='ltr'><em>praepositi</em></span> <span class='ocrx_word' id='word_1_278' title='bbox 978 3813 1111 3864; x_wconf 81' lang='lat' dir='ltr'><em>ecclesiae</em></span> <span class='ocrx_word' id='word_1_279' title='bbox 1127 3828 1185 3864; x_wconf 85' lang='lat' dir='ltr'><em>esse</em></span> <span class='ocrx_word' id='word_1_280' title='bbox 1204 3811 1365 3863; x_wconf 75' lang='lat' dir='ltr'><em>iudicandus</em></span> 
     </span>
     <span class='ocr_line' id='line_1_38' title="bbox 248 3883 1365 3952; baseline 0 -18"><span class='ocrx_word' id='word_1_281' title='bbox 248 3883 292 3934; x_wconf 85' lang='lat' dir='ltr'><em>vel</em></span> <span class='ocrx_word' id='word_1_282' title='bbox 311 3884 346 3934; x_wconf 80' lang='lat' dir='ltr'><em>ad</em></span> <span class='ocrx_word' id='word_1_283' title='bbox 365 3885 501 3950; x_wconf 84' lang='lat' dir='ltr'><em>publicum</em></span> <span class='ocrx_word' id='word_1_284' title='bbox 520 3887 697 3936; x_wconf 86' lang='lat' dir='ltr'><em>revocandus.</em></span> <span class='ocrx_word' id='word_1_285' title='bbox 800 3885 845 3950; x_wconf 85' lang='lat' dir='ltr'><em>lb)</em></span> <span class='ocrx_word' id='word_1_286' title='bbox 869 3886 918 3937; x_wconf 83' lang='lat' dir='ltr'><em>Tit.</em></span> <span class='ocrx_word' id='word_1_287' title='bbox 939 3886 982 3949; x_wconf 79' lang='lat'><em>58,</em></span> <span class='ocrx_word' id='word_1_288' title='bbox 1002 3903 1025 3937; x_wconf 88' lang='lat' dir='ltr'><em>c.</em></span> <span class='ocrx_word' id='word_1_289' title='bbox 1046 3888 1077 3938; x_wconf 82' lang='lat' dir='ltr'><em>l:</em></span> <span class='ocrx_word' id='word_1_290' title='bbox 1096 3891 1122 3936; x_wconf 88' lang='lat' dir='ltr'><em>et</em></span> <span class='ocrx_word' id='word_1_291' title='bbox 1141 3883 1292 3952; x_wconf 75' lang='lat' dir='ltr'><em>(tabularii)</em></span> <span class='ocrx_word' id='word_1_292' title='bbox 1311 3900 1365 3935; x_wconf 88' lang='lat' dir='ltr'><em>nan</em></span> 
     </span>
     <span class='ocr_line' id='line_1_39' title="bbox 248 3956 1367 4022; baseline 0.001 -15"><span class='ocrx_word' id='word_1_293' title='bbox 248 3957 330 4008; x_wconf 82' lang='lat' dir='ltr'><em>aliubi</em></span> <span class='ocrx_word' id='word_1_294' title='bbox 344 3973 424 4022; x_wconf 86' lang='lat' dir='ltr'><strong>quam</strong></span> <span class='ocrx_word' id='word_1_295' title='bbox 438 3959 472 4010; x_wconf 83' lang='lat' dir='ltr'><em>ed</em></span> <span class='ocrx_word' id='word_1_296' title='bbox 487 3959 639 4018; x_wconf 83' lang='lat' dir='ltr'><em>ecclesiam,</em></span> <span class='ocrx_word' id='word_1_297' title='bbox 659 3959 704 4010; x_wconf 92' lang='lat' dir='ltr'><em>ubi</em></span> <span class='ocrx_word' id='word_1_298' title='bbox 720 3958 833 4010; x_wconf 81' lang='lat' dir='ltr'><em>relaxati</em></span> <span class='ocrx_word' id='word_1_299' title='bbox 846 3965 914 4020; x_wconf 86' lang='lat' dir='ltr'><em>sunt,</em></span> <span class='ocrx_word' id='word_1_300' title='bbox 934 3959 1042 4010; x_wconf 81' lang='lat' dir='ltr'><strong>mallum</strong></span> <span class='ocrx_word' id='word_1_301' title='bbox 1058 3964 1175 4010; x_wconf 83' lang='lat' dir='ltr'><em>teneant.</em></span> <span class='ocrx_word' id='word_1_302' title='bbox 1237 3959 1282 4021; x_wconf 17' lang='lat'><em>16),</em></span> <span class='ocrx_word' id='word_1_303' title='bbox 1302 3956 1367 4008; x_wconf 75' lang='lat' dir='ltr'><em>Uon-</em></span> 
     </span>
     <span class='ocr_line' id='line_1_40' title="bbox 247 4028 1365 4097; baseline -0.002 -16"><span class='ocrx_word' id='word_1_304' title='bbox 247 4038 289 4082; x_wconf 92' lang='lat' dir='ltr'><em>tra</em></span> <span class='ocrx_word' id='word_1_305' title='bbox 310 4028 477 4081; x_wconf 79' lang='lat' dir='ltr'><em>Oblotbarius</em></span> <span class='ocrx_word' id='word_1_306' title='bbox 490 4031 531 4082; x_wconf 95' lang='grc' dir='ltr'><em>ΙΙ.</em></span> <span class='ocrx_word' id='word_1_307' title='bbox 553 4049 577 4084; x_wconf 87' lang='lat' dir='ltr'><em>a.</em></span> <span class='ocrx_word' id='word_1_308' title='bbox 599 4033 661 4082; x_wconf 91' lang='grc'><strong>614.</strong></span> <span class='ocrx_word' id='word_1_309' title='bbox 680 4032 807 4097; x_wconf 86' lang='lat' dir='ltr'><em>episeopis</em></span> <span class='ocrx_word' id='word_1_310' title='bbox 826 4031 869 4082; x_wconf 90' lang='lat' dir='ltr'><em>ius</em></span> <span class='ocrx_word' id='word_1_311' title='bbox 889 4031 981 4082; x_wconf 82' lang='lat' dir='ltr'><em>tribuit</em></span> <span class='ocrx_word' id='word_1_312' title='bbox 1001 4049 1059 4083; x_wconf 87' lang='lat' dir='ltr'><em>curn</em></span> <span class='ocrx_word' id='word_1_313' title='bbox 1080 4032 1169 4082; x_wconf 86' lang='lat' dir='ltr'><em>comite</em></span> <span class='ocrx_word' id='word_1_314' title='bbox 1189 4029 1299 4082; x_wconf 82' lang='lat' dir='ltr'><em>sedendi</em></span> <span class='ocrx_word' id='word_1_315' title='bbox 1313 4047 1365 4094; x_wconf 86' lang='lat' dir='ltr'><em>pro</em></span> 
     </span>
     <span class='ocr_line' id='line_1_41' title="bbox 246 4103 1372 4170; baseline 0 -16"><span class='ocrx_word' id='word_1_316' title='bbox 246 4103 384 4167; x_wconf 76' lang='lat' dir='ltr'><em>tribunali,</em></span> <span class='ocrx_word' id='word_1_317' title='bbox 409 4121 468 4154; x_wconf 85' lang='lat' dir='ltr'><em>cum</em></span> <span class='ocrx_word' id='word_1_318' title='bbox 494 4121 577 4156; x_wconf 85' lang='lat' dir='ltr'><em>causa</em></span> <span class='ocrx_word' id='word_1_319' title='bbox 600 4103 670 4155; x_wconf 79' lang='lat' dir='ltr'><em>inter</em></span> <span class='ocrx_word' id='word_1_320' title='bbox 694 4104 815 4156; x_wconf 83' lang='lat' dir='ltr'><em>libertum</em></span> <span class='ocrx_word' id='word_1_321' title='bbox 840 4103 899 4170; x_wconf 78' lang='lat' dir='ltr'><em>(qui</em></span> <span class='ocrx_word' id='word_1_322' title='bbox 918 4105 1068 4170; x_wconf 81' lang='lat' dir='ltr'><em>patrocinio</em></span> <span class='ocrx_word' id='word_1_323' title='bbox 1103 4104 1223 4156; x_wconf 68' lang='lat' dir='ltr'><em>ecciesiae</em></span> <span class='ocrx_word' id='word_1_324' title='bbox 1246 4103 1372 4154; x_wconf 69' lang='lat' dir='ltr'><em>subditas·</em></span> 
     </span>
     <span class='ocr_line' id='line_1_42' title="bbox 246 4176 1366 4244; baseline 0 -19"><span class='ocrx_word' id='word_1_325' title='bbox 246 4177 296 4238; x_wconf 87' lang='lat' dir='ltr'><em>est)</em></span> <span class='ocrx_word' id='word_1_326' title='bbox 319 4184 396 4240; x_wconf 79' lang='lat' dir='ltr'><em>atque</em></span> <span class='ocrx_word' id='word_1_327' title='bbox 420 4177 564 4242; x_wconf 79' lang='lat' dir='ltr'><em>inpenuuns</em></span> <span class='ocrx_word' id='word_1_328' title='bbox 590 4185 721 4243; x_wconf 81' lang='lat' dir='ltr'><em>operetur,</em></span> <span class='ocrx_word' id='word_1_329' title='bbox 748 4179 782 4244; x_wconf 73' lang='lat' dir='ltr'><em>cf.</em></span> <span class='ocrx_word' id='word_1_330' title='bbox 807 4183 860 4229; x_wconf 85' lang='lat' dir='ltr'><em>nat.</em></span> <span class='ocrx_word' id='word_1_331' title='bbox 881 4179 923 4226; x_wconf 74' lang='lat'><em>14.</em></span> <span class='ocrx_word' id='word_1_332' title='bbox 977 4177 1020 4229; x_wconf 91' lang='lat' dir='ltr'><em>De</em></span> <span class='ocrx_word' id='word_1_333' title='bbox 1045 4176 1224 4228; x_wconf 78' lang='lat' dir='ltr'><em>iurisdictione</em></span> <span class='ocrx_word' id='word_1_334' title='bbox 1244 4176 1366 4241; x_wconf 76' lang='lat' dir='ltr'><em>priuato,</em></span> 
     </span>
     <span class='ocr_line' id='line_1_43' title="bbox 244 4248 1367 4314; baseline -0.001 -16"><span class='ocrx_word' id='word_1_335' title='bbox 244 4264 325 4313; x_wconf 78' lang='lat' dir='ltr'><em>quarn</em></span> <span class='ocrx_word' id='word_1_336' title='bbox 351 4249 487 4314; x_wconf 86' lang='lat' dir='ltr'><em>episcopus</em></span> <span class='ocrx_word' id='word_1_337' title='bbox 510 4249 579 4300; x_wconf 87' lang='lat' dir='ltr'><em>inter</em></span> <span class='ocrx_word' id='word_1_338' title='bbox 605 4251 721 4301; x_wconf 77' lang='lat' dir='ltr'><em>homines</em></span> <span class='ocrx_word' id='word_1_339' title='bbox 751 4250 873 4302; x_wconf 81' lang='lat' dir='ltr'><em>ecclesiae</em></span> <span class='ocrx_word' id='word_1_340' title='bbox 899 4249 979 4313; x_wconf 88' lang='lat' dir='ltr'><em>(inter</em></span> <span class='ocrx_word' id='word_1_341' title='bbox 1006 4251 1109 4302; x_wconf 78' lang='lat' dir='ltr'><em>libertos</em></span> <span class='ocrx_word' id='word_1_342' title='bbox 1135 4266 1246 4314; x_wconf 80' lang='lat' dir='ltr'><em>quoque,</em></span> <span class='ocrx_word' id='word_1_343' title='bbox 1267 4248 1314 4314; x_wconf 73' lang='lat' dir='ltr'><em>qui</em></span> <span class='ocrx_word' id='word_1_344' title='bbox 1338 4249 1367 4297; x_wconf 84' lang='lat' dir='ltr'><em>in</em></span> 
     </span>
     <span class='ocr_line' id='line_1_44' title="bbox 244 4321 1368 4387; baseline 0 -16"><span class='ocrx_word' id='word_1_345' title='bbox 244 4321 424 4373; x_wconf 81' lang='lat' dir='ltr'><em>mundeburde</em></span> <span class='ocrx_word' id='word_1_346' title='bbox 449 4323 570 4373; x_wconf 84' lang='lat' dir='ltr'><em>ccclesiae</em></span> <span class='ocrx_word' id='word_1_347' title='bbox 600 4325 674 4386; x_wconf 90' lang='lat' dir='ltr'><em>sunt)</em></span> <span class='ocrx_word' id='word_1_348' title='bbox 704 4331 812 4387; x_wconf 72' lang='lat' dir='ltr'><em>euersa,</em></span> <span class='ocrx_word' id='word_1_349' title='bbox 839 4323 909 4374; x_wconf 79' lang='lat' dir='ltr'><em>nibil</em></span> <span class='ocrx_word' id='word_1_350' title='bbox 933 4322 1100 4375; x_wconf 79' lang='lat' dir='ltr'><em>Oblotbarius</em></span> <span class='ocrx_word' id='word_1_351' title='bbox 1125 4321 1227 4386; x_wconf 77' lang='lat' dir='ltr'><em>statuit,</em></span> <span class='ocrx_word' id='word_1_352' title='bbox 1253 4332 1313 4372; x_wconf 80' lang='lat' dir='ltr'><em>cuns</em></span> <span class='ocrx_word' id='word_1_353' title='bbox 1334 4337 1368 4372; x_wconf 87' lang='lat' dir='ltr'><em>ea</em></span> 
     </span>
     <span class='ocr_line' id='line_1_45' title="bbox 243 4391 1252 4462; baseline 0.001 -18"><span class='ocrx_word' id='word_1_354' title='bbox 243 4391 392 4446; x_wconf 82' lang='lat' dir='ltr'><em>iurisdictio</em></span> <span class='ocrx_word' id='word_1_355' title='bbox 411 4412 482 4446; x_wconf 87' lang='lat' dir='ltr'><em>anna</em></span> <span class='ocrx_word' id='word_1_356' title='bbox 502 4395 564 4445; x_wconf 87' lang='grc'><strong>614.</strong></span> <span class='ocrx_word' id='word_1_357' title='bbox 583 4393 641 4460; x_wconf 90' lang='lat' dir='ltr'><em>ipsa</em></span> <span class='ocrx_word' id='word_1_358' title='bbox 661 4395 720 4447; x_wconf 83' lang='lat' dir='ltr'><em>iure</em></span> <span class='ocrx_word' id='word_1_359' title='bbox 738 4395 793 4448; x_wconf 84' lang='lat' dir='ltr'><em>iam</em></span> <span class='ocrx_word' id='word_1_360' title='bbox 812 4396 939 4462; x_wconf 86' lang='lat' dir='ltr'><em>episcopis</em></span> <span class='ocrx_word' id='word_1_361' title='bbox 959 4403 1100 4462; x_wconf 85' lang='lat' dir='ltr'><em>competere</em></span> <span class='ocrx_word' id='word_1_362' title='bbox 1117 4394 1252 4448; x_wconf 79' lang='lat' dir='ltr'><em>uideatur.</em></span> 
     </span>
    </p>
   </div>
   <div class='ocr_carea' id='block_1_8' title="bbox 0 0 1550 5258">
    <p class='ocr_par' dir='ltr' id='par_1_14' title="bbox 0 0 1550 5258">
     <span class='ocr_line' id='line_1_46' title="bbox 0 0 1550 5258; baseline 0 4"><span class='ocrx_word' id='word_1_363' title='bbox 0 0 1550 5258; x_wconf 95' lang='lat' dir='ltr'><em> </em></span> 
     </span>
    </p>
   </div>
  </div>
 </body>
</html>
