3110 5232
243 453 295 506 106
680 453 758 510 LEX
777 454 963 514 RIBUARIA.

717 647 861 703 scona.
880 630 919 706 Α.

240 790 403 864 cumque
422 765 514 839 libet
532 764 669 840 animal
690 777 794 840 extra
815 766 1015 841 consilium
1034 767 1178 843 domini
1197 767 1255 842 sui
1272 791 1410 842 excor-

238 866 425 962 ticaverit,
446 865 656 940 30s01id0s
676 867 875 965 culpabilis
895 867 1094 942 iudicetur.
1140 957 1142 962 ,

341 986 375 1058 2.
413 983 452 1058 Si
473 995 599 1059 autem
615 985 824 1084 negaverit,
844 998 882 1060 et
898 985 1092 1062 convictus
1108 985 1235 1082 fuerit,
1259 990 1331 1061 100
1344 1009 1409 1060 so·

238 1081 336 1159 lidos
356 1109 441 1159 cum
460 1085 623 1184 capitale
642 1097 680 1161 et
698 1087 869 1161 delatura
889 1087 1080 1162 multetur.

682 1221 684 1224 ’
717 1242 916 1315 cxxxvii.

340 1357 381 1430 Si
408 1357 492 1456 quis
517 1360 730 1456 hominem,
765 1358 828 1457 qui
854 1359 1090 1434 forbannitus
1118 1371 1195 1455 est,
1222 1359 1260 1431 in
1286 1361 1404 1432 domo

238 1458 406 1555 recipere
433 1460 753 1560 praesumpserit,
781 1459 811 1533 si
836 1461 1037 1536 Ribuarius
1063 1471 1140 1556 est,
1168 1462 1217 1536 60
1233 1458 1405 1556 solidos,

238 1558 272 1632 si
290 1559 434 1657 regius,
449 1559 656 1658 Romanus,
685 1561 746 1635 vel
767 1559 1066 1658 ecclesiasticus,
1087 1565 1136 1637 30
1154 1560 1301 1635 solidos
1322 1559 1405 1634 cul·

238 1658 376 1757 pabiIis
396 1659 594 1734 iudicetur.

707 1778 925 1854 LXXXVIII.

338 1895 419 1969 Hoc
445 1907 571 1969 autem
599 1921 784 1970 consensu
813 1905 851 1970 et
874 1897 1033 1972 consilio
1054 1923 1122 1972 seu
1148 1909 1307 1996 paterna
1325 1909 1404 1972 tra·

237 1993 386 2068 dicione
425 2007 464 2069 et
499 1994 597 2094 Iegis
635 1997 948 2071 consuetudinem
988 2023 1104 2097 super
1135 1998 1264 2072 omnia
1296 1999 1402 2072 iube-

236 2118 333 2190 mus,
361 2105 401 2168 ut
427 2096 553 2169 nullus
584 2096 790 2191 obtimatis,
814 2097 937 2172 maior
964 2102 1119 2195 domus⁷
1149 2099 1400 2195 domesticus,

237 2219 386 2290 comeS,
415 2196 564 2295 gravio,
593 2196 854 2294 cancellarius,
880 2199 940 2272 vel
970 2199 1197 2296 quibuslibet
1225 2201 1399 2298 gratibus

236 2295 470 2392 sublimitas,
496 2297 534 2369 in
562 2297 757 2394 provincia
784 2298 961 2372 Ribuaria
988 2301 1025 2372 in
1052 2300 1192 2374 iudicio
1217 2303 1399 2375 resedens

234 2420 392 2470 munera
420 2399 466 2470 ad
495 2396 634 2471 iudicio
659 2401 909 2496 pervertendo
928 2425 1003 2473 non
1027 2400 1196 2499 recipiat.
1238 2400 1347 2488 Quod
1364 2401 1398 2475 si

235 2496 320 2594 quis
340 2497 376 2569 in
394 2498 468 2571 hoc
487 2499 770 2596 depraehensus
790 2499 916 2594 fuerit,
937 2502 983 2574 de
1002 2501 1079 2575 vita
1102 2513 1349 2600 conponatur.

709 2760 852 2816 scona.
873 2746 915 2817 Β.

232 2875 308 2938 libet
323 2875 441 2939 animal
462 2883 552 2938 extra
567 2876 729 2940 consilium
752 2878 868 2940 domini
891 2879 938 2942 sui
954 2881 1203 2958 excorticaverit,
1225 2886 1267 2950 30
1284 2883 1395 2946 solidis

233 2959 394 3040 culpabilis
416 2959 578 3022 iudicetur.

336 3065 366 3128 2.
404 3061 436 3123 Si
465 3069 569 3123 autem
599 3062 776 3144 negaverit,
809 3072 840 3125 et
866 3065 1025 3128 convictus
1054 3069 1160 3142 fuerit,
1193 3071 1254 3135 100
1283 3068 1393 3131 solidis

231 3165 301 3207 cum
323 3145 456 3228 capitale
479 3153 510 3207 et
532 3146 676 3209 delatura
698 3146 854 3208 multetur.

722 3266 896 3328 LXXXIX.

559 3369 610 3428 De
631 3367 790 3429 homine
812 3369 1058 3432 forbannito.

335 3469 366 3530 st
389 3469 457 3550 quis
479 3459 651 3543 hominem,
674 3469 726 3549 qui
748 3469 945 3533 forbannitus
968 3477 1026 3547 est,
1047 3473 1079 3533 in
1102 3474 1230 3535 domum
1247 3475 1394 3556 recipere

229 3553 487 3633 praesumpserit,
510 3553 536 3614 si
553 3553 719 3614 Ribuarius
743 3559 800 3626 est,
822 3556 863 3619 60
886 3554 1005 3628 solidis,
1028 3556 1054 3616 si
1077 3557 1193 3638 regius,
1217 3559 1393 3633 Romanus,

228 3636 278 3698 vel
301 3635 541 3708 ecclesiasticus,
565 3639 605 3703 30
629 3636 737 3697 solidis
760 3634 921 3716 culpabitis
943 3638 1106 3702 iudicetur.

774 3763 839 3826 XC.

409 3865 454 3926 Ut
475 3885 585 3927 nemo
610 3883 766 3927 munera
789 3865 825 3924 in
848 3865 991 3929 iudicio
1015 3870 1207 3951 accipiat.

333 3968 402 4029 Hoc
425 3975 529 4029 autem
553 3985 708 4029 consensu
731 3972 763 4028 et
784 3967 916 4029 consilio
939 3988 995 4031 seu
1017 3978 1153 4050 paterna
1169 3975 1346 4037 traditione
1362 3981 1393 4037 et

225 4051 303 4135 Iegis
327 4053 554 4114 consuetudme
577 4070 671 4132 super
694 4050 800 4112 omnia
821 4050 975 4127 iubemus,
998 4061 1031 4116 ut
1047 4055 1226 4135 optimates,
1250 4059 1391 4123 maiores

226 4137 357 4209 domus,
380 4136 570 4208 domesticis,
603 4135 745 4210 comites,
774 4134 941 4214 graviones
963 4138 1151 4214 canceltarii,
1180 4141 1232 4203 vel
1255 4144 1391 4223 quibus-

224 4220 302 4283 libet
323 4219 471 4302 gradibus
494 4218 662 4291 suinmati,
691 4220 721 4279 in
745 4217 907 4298 provincia
929 4219 1077 4283 Ribuaria
1101 4222 1131 4283 in
1159 4223 1276 4288 iudicio
1305 4227 1391 4288 resi-

225 4305 335 4365 dentes
359 4322 488 4364 muneru
512 4303 552 4364 ad
575 4303 721 4364 iudicium
744 4303 985 4381 pervertendum
1008 4324 1071 4367 non
1095 4307 1261 4387 recipiant.
1296 4311 1390 4385 Quod

225 4388 251 4450 si
275 4388 343 4468 quis
364 4387 396 4446 iu
418 4387 480 4448 hoc
502 4385 739 4467 depraehensus
761 4384 863 4457 fuerit,
887 4386 926 4447 de
949 4386 1012 4450 vita
1036 4399 1206 4470 conponat.
