3090 5258
559 467 781 524 PRAEFATIO.
1195 475 1230 527 m

1 669 2 672 ¹
97 642 215 790 {0er
237 641 408 787 pbserrata
428 648 510 723 erat,
535 663 654 706 navam
676 642 869 708 divisionem
892 644 953 709 124
983 643 1152 711 titulorum
1180 648 1232 712 in-

114 747 156 790 ra
182 746 265 790 unu.

192 809 230 888 8)
263 807 399 873 Cadere
431 807 607 893 Bitcbller
640 807 733 890 (olim
763 810 888 874 Beati
916 811 1131 893 Rhenani)
1161 835 1232 879 eae·

102 892 176 956 culi
197 892 255 973 IX,
278 892 318 956 de
340 912 404 974 qua
425 891 518 956 Perta
540 894 576 955 in
599 891 733 956 ‘Arcbiv
750 893 810 957 der
826 892 1041 980 Gesellscbaft
1053 897 1119 978 fiir
1134 897 1233 962 ditare

1 981 2 985 ’
104 975 260 1040 deutsche
289 973 594 1040 Gescbicbtslcunde’
624 975 657 1055 V,
681 996 719 1059 p.
747 975 820 1056 221,
848 987 878 1042 et
903 979 1035 1061 Merkel,
1063 979 1140 1065 Lep.
1166 981 1232 1062 III,

96 1083 142 1144 p.
165 1060 185 1124 8
208 1059 250 1141 (I
269 1058 325 1139 10)
355 1067 500 1144 eperunt,
528 1059 735 1124 bibliothecae
757 1061 912 1145 publicae
935 1063 1233 1149 Arpentinensi

104 1143 266 1223 traditus,
300 1164 389 1206 anno
424 1142 515 1207 1870.
548 1142 685 1229 lupubri
715 1144 869 1210 incendia
902 1146 1024 1211 demtus
1056 1155 1111 1213 cst.
1135 1181 1140 1186 ·
1165 1147 1233 1214 Sea

102 1227 237 1291 collatio
260 1226 392 1306 codicis,
414 1249 514 1311 quam
528 1227 619 1291 Perta
630 1226 727 1310 fecit,
749 1228 876 1294 schedis
897 1234 1020 1295 nostris
1041 1233 1133 1295 inest.
1177 1233 1232 1295 Iu·

102 1310 248 1408 cipiebat
270 1309 373 1407 codem
393 1332 415 1372 a
437 1311 552 1410 8181,
573 1310 636 1380 ab
658 1311 831 1392 (editionis
851 1319 999 1394 noemae)
1021 1335 1112 1379 uoce:
1135 1314 1231 1395 Quod

101 1394 1032 1564 tut,bittit,ttlttttttileiii,liei-td
1045 1399 1233 1549 ttltttt

102 1563 210 1626 codem
231 1562 385 1625 babuisse
406 1561 545 1627 ridetur.
590 1562 756 1627 Rubricae
784 1565 822 1627 in
844 1572 932 1628 tenta
954 1565 1036 1648 lepis
1062 1587 1164 1650 usquc
1186 1567 1233 1631 ad

101 1648 153 1709 tit.
179 1645 221 1708 74
248 1645 420 1727 (editionis
450 1649 600 1728 nostrae)
630 1647 776 1726 deerant,
807 1670 829 1711 a
855 1647 950 1712 titula
977 1649 1027 1712 75.
1055 1672 1158 1734 usque
1186 1650 1232 1714 ad

93 1729 203 1810 finem
226 1729 376 1792 aderant.

190 1811 228 1893 9)
264 1812 395 1878 Goden
434 1812 602 1878 ducalis
636 1811 992 1901 Guelferbytanus
1023 1816 1229 1882 Blankcn·

101 1895 229 2042 881·Ξὶ
235 1918 305 1960 cus
337 1896 418 1976 130,
450 1896 576 1960 saeculi
601 1897 645 1978 X,
680 1920 773 1982 quem
802 1899 1046 1983 descripserant
1073 1900 1166 1964 Perta
1193 1903 1230 1966 in

101 1979 185 2043 ‘Arc
209 1981 242 2042 iu
258 1980 316 2043 der
331 1977 515 2044 Gesellscba
558 1980 624 2064 fr‘tr
642 1980 742 2044 a'ltere
757 1983 908 2046 deutecbe
924 1981 1232 2049 Gescbicbtskunde'

111 2063 184 2143 VII,
210 2085 245 2146 p.
268 2061 444 2139 tri-779,
510 2063 605 2145 arbel,
631 2065 702 2133 ead.
723 2066 780 2146 XI,
801 2090 841 2164 p.
863 2065 1042 2147 577-583,
1064 2068 1229 2150 Baretius,

1 2171 2 2174 ¹
100 2147 182 2210 ‘Die
205 2146 433 2230 Capitularien
454 2149 500 2212 im
515 2148 857 2234 Laupabardenrercb'
877 2172 911 2234 p.
933 2150 1069 2216 46-50.
1112 2151 1228 2238 Lepem

1 2245 2 2250 ’
100 2230 293 2315 Ripuariam
313 2230 387 2315 (fal.
405 2231 484 2313 168)
499 2232 600 2297 iudea
615 2230 657 2294 90
678 2233 889 2308 rubricarum
904 2235 1073 2316 antecedit,
1091 2257 1229 2320 quorum

1 2385 2 2388 Ἴ
104 2316 238 2379 numeri
258 2316 295 2378 in
317 2323 407 2378 teuta
428 2315 458 2378 le
483 2316 512 2378 is
532 2325 736 2398 repetuntur.

1 2399 2 2403 ’
194 2398 250 2479 10)
280 2397 414 2464 Cadea
436 2336 885 2464 dissitam-Palatinus
914 2400 999 2481 773,
1030 2401 1156 2465 sacculi
1187 2402 1227 2484 X,

1 2499 2 2520 ³
125 2503 198 2544 uem
219 2482 393 2566 descripsit
410 2482 504 2546 Perta
524 2484 563 2546 in
586 2481 720 2548 ‘Arabia
741 2484 801 2547 der
816 2481 1030 2633 desellsclugt
1066 2495 1107 2548 tir
1128 2485 1227 2549 bitere

103 2505 255 2629 beutscbe
288 2563 596 2630 Gesciicbtsicunde’
629 2567 661 2647 V,
688 2589 725 2650 p.
755 2565 827 2630 218.
857 2567 929 2630 219.
1008 2589 1025 2631 o
1051 2589 1091 2631 en
1123 2567 1226 2634 salam

101 2649 204 2734 leqcm
231 2647 418 2714 Ribuariam
448 2672 521 2714 cum
549 2649 653 2714 tribus
682 2650 924 2735 capitularibus
952 2653 1101 2716 continet.
1145 2652 1227 2739 Lepi

100 2732 285 2798 Ribuariae
301 2733 375 2818 (fal.
394 2736 428 2813 l)
443 2734 547 2797 induc
561 2733 602 2796 92
616 2734 825 2798 rubricarum
835 2737 1073 2820 praemittitur,
1089 2758 1227 2820 qaorum

102 2819 235 2880 numeri
262 2818 417 2880 intentu
436 2817 520 2902 lepis
541 2827 742 2901 repetuntur,
765 2820 833 2883 nisi
856 2819 943 2904 quod
966 2819 1052 2884 duae
1072 2820 1227 2885 rubricae

101 2901 145 2965 da
166 2899 305 2966 arohene
326 2911 355 2965 et
376 2899 416 2964 dc
431 2901 629 2966 testamentis
643 2923 756 2986 regum
777 2904 815 2967 in
837 2902 968 2968 tantula
992 2904 1021 2967 is
1037 2903 1227 2970 desideran-

101 2993 169 3049 tur.
213 2985 332 3050 Tectae
353 2986 460 3070 ipitur
480 2985 563 3072 lepis
585 2985 627 3048 90
647 2994 775 3050 tantum
795 2985 906 3050 titulos
929 2927 1031 3051 babet.

192 3069 248 3148 11)
273 3068 404 3135 Coelen
431 3069 562 3132 Paris.
591 3069 665 3132 Lat.
693 3069 808 3151 4632,
838 3069 1021 3152 saeculiX‚
1050 3093 1142 3157 quem
1172 3071 1225 3136 de·

1 3175 2 3208 1
101 3153 238 3235 scripsit
258 3152 451 3233 Pardessus,
474 3153 547 3218 ‘Lai
568 3152 715 3237 Saliquc'
732 3175 770 3237 p.
793 3153 879 3234 XXI,
899 3155 1130 3239 fragmentum
1150 3163 1224 3218 tan-

101 3247 170 3300 tum
198 3238 279 3321 lepis
305 3235 533 3322 Ripuariorum
561 3237 696 3317 eabibet,
729 3238 894 3321 iucipiens
925 3237 1030 3301 uerbis
1062 3237 1151 3301 sttui
1182 3236 1225 3302 52

102 3320 276 3404 (editionis
290 3324 461 3402 nostrae).·
484 3320 520 3385 Si
542 3320 614 3406 quis
636 3341 703 3384 rem
725 3340 816 3383 suam
839 3320 894 3382 alii
914 3320 1117 3405 praestiterit.
1160 3321 1224 3385 Be·

1 3485 2 3488 *
100 3405 196 3488 liqna
219 3426 321 3489 usque
344 3405 390 3468 ad
402 3404 506 3486 finem
529 3405 660 3469 adsunt.
706 3406 825 3469 Teutas
845 3405 927 3490 lepis
948 3426 1051 3489 neque
1073 3403 1226 3468 rubricas

1 3525 2 3531 κ
99 3510 143 3552 ne
165 3511 205 3552 ue
242 3509 393 3571 numerm
424 3509 525 3572 neque
558 3487 661 3551 ullam
692 3486 861 3553 titulorum
893 3488 1088 3556 divisionem
1121 3487 1224 3553 babet.

1 3565 2 3628 l
100 3511 190 3636 Solis
204 3571 385 3636 maioribus
398 3571 514 3636 litteris
535 3571 724 3636 initialibus
745 3582 775 3636 ct
792 3572 896 3637 calore
907 3573 1012 3657 flavo,
1035 3594 1098 3656 qua
1108 3575 1226 3656 prima

100 3677 249 3742 quaeque
275 3655 365 3720 linea
389 3657 529 3720 inducta
550 3665 607 3736 est,
634 3656 788 3742 einpulac
810 3660 995 3721 sanctiones
1017 3655 1099 3742 lepis
1120 3656 1224 3722 Ribu·

100 3742 198 3804 ariae
220 3739 464 3804 discernuntur.

0 3892 1 3899 χ
189 3821 256 3896 Qui
277 3824 403 3887 codices
424 3845 533 3888 omnes
554 3824 695 3889 barbara
717 3847 863 3889 sermone
885 3824 976 3907 (licet
997 3824 1098 3889 codea
1116 3825 1131 3886 1
1148 3822 1223 3892 reli-

0 3900 1 3921 *
100 3929 183 3992 quos
206 3906 334 3971 inculta
355 3907 476 3992 linqua
497 3911 644 3993 superet)
674 3918 703 3972 et
724 3931 789 3971 usu
810 3929 1020 3973 numerorum
1042 3908 1222 3973 distributi·

0 4050 1 4063 ,
98 4013 217 4056 aarum
246 3993 301 4070 (in
324 4001 424 4075 parte
453 3992 599 4055 secunda
620 3991 701 4076 lepis
723 3992 927 4074 Ribuariae)
957 3990 1116 4055 enccllunt
1142 3991 1222 4075 (cfr.

0 4072 1 4101 ³
95 4081 128 4154 ᾗ.
151 4075 200 4156 8).
248 4072 405 4147 Quamvis
434 4075 539 4160 igitur
566 4076 628 4139 uni
654 4077 819 4162 eidemque
848 4074 947 4139 classi
976 4073 1223 4139 adnumerandi

98 4159 179 4238 sint,
207 4161 305 4222 nario
334 4167 442 4222 tamen
463 4159 557 4223 moda
579 4161 666 4224 inter
685 4181 720 4223 se
741 4160 913 4224 cohaerent
939 4165 968 4222 et
990 4159 1087 4243 quasi
1108 4158 1145 4224 in
1157 4157 1220 4243 fa·

2 4257 3 4316 ᾗ
97 4243 212 4307 milies
234 4242 385 4327 atsiuuqt
430 4251 553 4307 assunt.

184 4325 227 4390 In
250 4324 344 4389 titulo
367 4325 384 4387 l
407 4372 417 4406 ,
440 4350 466 4390 c.
491 4327 507 4388 1
532 4331 585 4407 (ut
607 4327 755 4410 cntempla
776 4324 930 4411 afferam)
953 4324 1078 4389 codices
1095 4326 1187 4389 1-3.
1201 4325 1251 4400 ὁρ.
1268 4348 1319 4390 ms.

97 4410 238 4475 cundem
267 4408 398 4494 lapsum
425 4407 547 4474 calami
575 4411 730 4491 eabibent,
763 4434 836 4474 cum
864 4409 1024 4474 librarius
1053 4411 1222 4493 scripserit
