3110 5232
740 439 817 496 tux
835 436 1023 496 araneam.

781 636 805 690 a
823 635 924 690 cocu.
943 615 984 689 Α.

406 761 463 830 17.
500 755 541 829 Si
567 767 694 829 autem
720 755 907 854 ingenuus
934 778 1021 828 cum
1040 751 1218 826 ancillam
1237 753 1465 826 moechatus

302 857 428 952 fuerit,
452 861 496 934 15
516 857 657 932 solidos
676 855 874 954 culpabilis
894 854 1092 929 iudicetur.
1129 852 1169 926 Si
1185 865 1312 927 autem
1328 878 1465 927 servus

302 961 375 1032 hoc
398 958 544 1053 fecerit,
571 956 756 1034 3solidos
776 956 975 1056 culpabilis
1001 955 1202 1050 iudicetur,
1228 967 1293 1029 aut
1321 965 1466 1028 castre-

305 1073 375 1134 tur.

407 1165 464 1234 18.
497 1161 605 1248 Quod
631 1159 661 1233 si
689 1159 854 1258 ingenua
870 1157 1048 1231 Ribuaria
1071 1181 1223 1234 servum
1241 1157 1467 1232 Ribuarium

303 1273 433 1336 secuta
465 1260 600 1356 fuerit,
634 1272 671 1334 et
703 1271 880 1358 parentes
909 1260 991 1333 eius
1022 1259 1095 1332 hoc
1129 1260 1323 1357 refragare
1358 1259 1468 1332 volu·

304 1363 419 1456 erint,
462 1362 645 1435 offeratur
675 1362 711 1434 ei
748 1384 770 1433 a
806 1385 898 1460 rege
935 1385 1004 1434 seu
1041 1384 1063 1432 a
1101 1360 1241 1433 comite
1278 1370 1388 1457 spata
1426 1372 1468 1433 et

305 1464 473 1537 conucla.
514 1462 622 1550 Quod
642 1461 675 1535 si
693 1472 840 1559 spatam
860 1460 1062 1559 acceperit,
1081 1485 1234 1535 servum
1249 1459 1466 1535 interliciat.

303 1565 342 1639 Si
363 1576 490 1638 autem
511 1563 681 1658 conuela,
700 1561 737 1635 in
758 1563 920 1660 servicio
940 1561 1160 1660 perseverit.

200 1695 224 1736 r·
241 1676 296 1726 tu.
410 1668 466 1740 19.
495 1665 576 1738 Ηοο
596 1664 711 1737 etiarn
731 1664 1021 1758 constituemus,
1041 1674 1082 1735 ut
1099 1662 1246 1735 nullum
1267 1661 1467 1736 hominem

304 1765 475 1864 regium,
505 1765 716 1838 Romanum
749 1765 807 1838 vel
840 1763 1067 1837 tabularium
1104 1762 1387 1861 interpellatum
1424 1763 1465 1836 in

306 1867 443 1939 iudicio
477 1891 551 1938 non
586 1876 770 1962 tanganet
803 1876 842 1938 et
872 1889 943 1939 nec
975 1864 1141 1939 alsaccia
1175 1864 1354 1962 requirat.
1419 1865 1468 1937 Et

305 1967 406 2041 sicut
437 1967 472 2038 in
503 1976 681 2064 presente
712 1965 876 2064 legitimi
908 1966 1070 2040 malatus
1098 1965 1234 2062 fuerit7
1274 1990 1317 2038 ea
1349 1968 1467 2038 verba

307 2077 593 2162 commemorat,
625 2077 662 2141 et
692 2092 768 2140 non
802 2067 836 2140 ei
869 2066 969 2141 sicut
995 2066 1173 2140 Ribuario
1206 2077 1293 2140 ante
1327 2067 1465 2141 altario

305 2172 420 2244 verba
439 2179 723 2242 commemoret.

408 2273 467 2345 20.
509 2268 617 2344 Servi
638 2279 765 2343 autem
784 2268 887 2364 regis
907 2269 978 2366 [et]
999 2268 1247 2343 ecclesiarum
1267 2294 1342 2342 non
1362 2280 1469 2341 actu-

305 2370 403 2467 19εῇ
422 2373 486 2445 sed
504 2370 577 2470 ipsi
593 2396 660 2468 pro
676 2371 904 2467 semetipsos
925 2371 962 2441 in
982 2369 1122 2442 iudicio
1141 2371 1408 2467 respondeant,
1430 2380 1471 2442 et

306 2483 543 2548 sacramenta
563 2473 704 2569 absque
723 2484 888 2568 tangano
909 2471 1116 2544 coniurent.

404 2573 429 2654 *1
459 2587 477 2637 i.
503 2599 526 2637 a,
549 2589 612 2632 nou
640 2590 698 2651 per
726 2577 850 2632 actores
873 2581 1081 2648 (narseus),-
1109 2595 1188 2634 ccaus
1212 2584 1381 2635 comeatibus
1405 2581 1468 2636 loeo

458 2657 570 2710 ablativi
583 2659 688 2726 positus
707 2657 821 2710 uidetur.

409 2733 468 2804 21.
520 2729 561 2802 Si
594 2741 720 2802 autem
751 2730 867 2802 homo
902 2727 1033 2828 regius
1072 2726 1226 2802 homine
1265 2727 1372 2826 regio
1403 2727 1472 2800 vel

782 2919 926 2974 acuon.
949 2902 991 2974 B.

414 3040 462 3109 17.
502 3038 532 3099 Si
563 3046 667 3100 autem
695 3037 846 3118 ingenuus
870 3058 938 3100 cum
962 3039 1074 3101 ancilla
1096 3039 1278 3100 moechatus
1300 3038 1402 3114 fuerit,
1430 3039 1474 3104 15

308 3123 416 3186 solidis
439 3121 602 3202 culpabilis
623 3121 787 3184 iudicetur.
824 3123 854 3184 Si
879 3131 983 3184 autern
1007 3143 1117 3186 servus
1133 3123 1194 3184 hoo
1209 3123 1329 3199 lecerit,
1352 3123 1474 3188 3soli-

308 3207 357 3270 dis
380 3207 543 3287 culpabilis
564 3205 728 3279 iudicetur,
751 3213 805 3268 aut
826 3213 991 3269 castretur.

415 3294 464 3358 18.
508 3289 601 3364 Quod
634 3290 660 3352 si
681 3290 816 3374 ingenua
838 3289 988 3353 Ribuaria
1009 3310 1133 3351 servum
1155 3289 1338 3351 Ribuarium
1361 3300 1475 3353 secuta

308 3374 416 3448 luerit,
449 3382 479 3436 et
502 3383 647 3454 parentes
669 3375 736 3438 eius
758 3375 821 3438 hoc
842 3375 1057 3436 contradicere
1080 3374 1243 3447 voluerint,
1266 3375 1419 3436 offeratur
1441 3377 1474 3436 ei

309 3477 327 3518 a
347 3477 422 3538 rege
440 3478 495 3521 scu
512 3478 530 3520 a
546 3459 660 3520 comite
677 3467 767 3539 spata
784 3465 815 3519 et
831 3460 991 3521 conucula.
1026 3459 1116 3531 Quod
1133 3458 1158 3520 si
1175 3465 1296 3538 spatam
1314 3459 1476 3538 acciperit,

310 3561 434 3602 servum
456 3541 635 3603 interficiat.
676 3543 706 3603 Si
729 3552 834 3605 autem
857 3543 1050 3614 conuculam‚
1073 3543 1104 3602 in
1128 3542 1255 3605 servitio
1280 3552 1475 3622 perseveret.

209 3638 300 3698 ortt.
360 3642 363 3647 ’
418 3629 466 3692 19.
511 3626 579 3686 Hoc
601 3624 695 3686 etiam
719 3627 945 3700 constituimus,
968 3636 1001 3688 ut
1018 3626 1178 3688 bominem
1195 3627 1324 3706 regium,
1346 3629 1477 3689 Roma·
1534 3672 1536 3678 2

310 3729 383 3770 num
400 3708 450 3770 vel
463 3708 655 3771 tabularium
671 3710 904 3791 interpellatum
920 3711 952 3771 in
968 3711 1082 3771 iudicio
1099 3730 1161 3772 non
1181 3710 1345 3788 tangeret*
1367 3720 1398 3772 et
1414 3731 1476 3773 nec

310 3794 445 3856 alsaccia
467 3793 616 3873 requirat.
660 3795 699 3856 Et
720 3795 793 3858 siin
810 3802 977 3876 praesente
993 3794 1128 3876 legitime
1146 3795 1290 3855 mallatus
1306 3795 1410 3867 luerit,
1433 3815 1474 3858 ea

309 3881 406 3940 verba
433 3884 669 3951 commemorat,
700 3887 730 3941 et
751 3899 815 3941 non
838 3879 865 3940 ei
888 3878 968 3940 sicut
991 3877 1139 3940 Ribuario
1163 3886 1235 3939 ante
1259 3877 1352 3940 altari
1374 3881 1475 3942 verba

310 3968 546 4025 commemoret.

411 4047 432 4120 *1
452 4054 490 4102 stc
512 4047 542 4112 1,·
559 4051 677 4118 plerique
697 4050 774 4101 codd.
793 4057 932 4118 tangenet.

413 4132 464 4196 20.
488 4129 577 4191 Servi
589 4137 692 4190 autem
710 4129 791 4208 regis
803 4129 879 4213 [vel]
892 4128 1094 4190 ecclesiarum
1110 4147 1174 4189 non
1192 4137 1327 4202 actores,
1343 4131 1401 4191 sed
1414 4131 1475 4210 ipsi

310 4234 369 4295 pro
398 4213 574 4293 semetipsis
603 4211 634 4272 in
661 4212 776 4274 iudicio
805 4214 1035 4294 respondeant,
1065 4218 1096 4273 et
1124 4222 1323 4275 sacramenta
1353 4217 1475 4296 absque

309 4306 449 4378 tangano
473 4297 646 4358 coniurent,

415 4385 465 4447 21.
509 4381 540 4442 Si
563 4390 667 4442 autern
690 4381 787 4442 homo
809 4381 913 4461 regius
936 4379 1055 4442 bomini
1077 4381 1163 4460 regio
1184 4381 1233 4440 vel
1257 4381 1475 4446 ecclesiastico
