3110 5232
283 471 334 524 144

569 471 686 528 lNDEX
706 472 839 530 RERUM
858 473 907 528 ET
927 473 1142 530 vultuosum

280 649 466 715 superlurarl:
502 647 620 718 legitime
652 652 839 718 superiuretus
877 653 986 702 tenere:
1013 645 1083 701 ‘Non
1103 649 1175 702 malo
1194 649 1299 712 ordine,
1324 651 1371 702 sed
1393 666 1447 720 per

316 719 361 772 79.

913 730 1103 776 testamentum
1122 721 1174 774 hoc
1195 723 1282 775 teneo'
1303 721 1347 787 59,
1361 721 1389 776 8.

279 793 515 861 superpreudere:
536 793 583 863 qui
597 803 749 848 consortem
760 811 838 847 suum
877 797 1046 849 terminatio:
1057 794 1128 849 inira
1136 794 1353 849 terminationem
1362 796 1443 862 60,2.

316 865 508 936 superpriserit
528 867 572 930 60,
584 866 610 920 2.

281 941 468 1006 supervivere:
489 937 533 1001 37,
549 938 579 1001 1;
599 938 648 1000 49;
670 939 713 1002 59,
728 939 752 991 6.

914 868 945 929 3;
961 870 1109 922 secundum
1124 869 1341 922 terminationem
1357 869 1444 935 66,1.

877 944 1009 995 terminus
1030 942 1165 1009 legitimus
1185 941 1266 1005 66,1.

281 1013 438 1079 suscipere:
456 1029 483 1081 p.
493 1011 543 1072 44;
564 1011 687 1082 hospicio
701 1012 840 1081 suscipere
878 1020 965 1068 terra:
986 1013 1121 1068 hereditas
1142 1016 1175 1068 de
1193 1023 1265 1068 terra
1286 1013 1331 1068 ct.
1351 1014 1397 1068 42.

317 1084 359 1151 os,
374 1084 399 1138 3.

280 1230 404 1284 1511511151
416 1229 803 1293 tabularuminstrumeuta37,
812 1231 839 1293 l;

313 1306 456 1372 praecipue
475 1309 567 1358 curtae
582 1307 793 1359 manumissionis
813 1307 840 1357 15

878 1090 987 1150 1551155,
1007 1090 1125 1140 tercius:
1140 1086 1216 1141 tertia
1231 1105 1293 1158 pars
1308 1087 1377 1140 lredi
1392 1086 1441 1149 89;
1538 1103 1539 1122 1

914 1161 991 1214 155115
1003 1178 1074 1230 pars
1099 1163 1133 1214 de
1152 1161 1327 1214 conlaborato
1347 1160 1393 1224 37,
1406 1161 1442 1222 2;

913 1234 1020 1287 tertiam
1051 1251 1158 1286 manum
1189 1250 1319 1306 quaerere
1348 1233 1394 1296 33,
1411 1233 1444 1296 1;
1538 1237 1539 1274 t

914 1306 1010 1360 tertius
1029 1307 1087 1360 dies
1106 1305 1189 1373 47,1.

316 1379 428 1430 ecclesia
442 1374 547 1444 sactae:
565 1376 669 1430 tabulas
690 1377 839 1430 secundum
877 1383 1080 1443 testamentum,
1095 1383 1277 1433 testamentus
1296 1402 1332 1426 =
1353 1383 1442 1448 curto,

315 1449 404 1518 legem
429 1447 578 1502 Romanam
605 1449 724 1502 scribere
749 1449 792 1515 58,
809 1449 839 1511 1:

316 1524 343 1575 in
358 1539 439 1575 manu
453 1522 573 1593 episcopi
587 1539 693 1576 5555555
714 1540 773 1575 cum
795 1533 840 1576 15-

316 1594 387 1648 bulis
406 1596 514 1649 tradere
532 1597 581 1657 ton
604 1596 708 1650 tabulas
729 1598 840 1667 episco-

316 1684 412 1739 porum
445 1669 570 1722 manibus
599 1686 647 1723 seu
677 1670 838 1722 clericorum

316 1742 456 1795 roboratas
484 1743 650 1813 inrumpere,
678 1743 786 1798 tabulae
809 1744 838 1796 in

316 1816 468 1885 praesentia
512 1815 610 1869 iudicis
657 1815 839 1887 perforentur,

315 1898 396 1941 155155
420 1891 465 1959 qui
485 1889 589 1942 tabulas
610 1889 839 1961 conscripserunt,

316 1961 422 2014 tabulae
441 1962 549 2015 stabiles
568 1972 744 2032 permaneant
758 1961 802 2024 58,
813 1961 839 2016 5,

316 2065 351 2073 -
370 2034 454 2087 tabuli
470 2051 521 2102 pro
539 2035 647 2088 tabulae
666 2034 737 2101 58,5
751 2035 814 2101 (Α).

279 2108 433 2160 tabularius
448 2129 483 2152 =
496 2109 572 2162 bomo
585 2111 779 2162 ecclesiasticus
791 2123 840 2176 per·

316 2182 419 2234 tubulas
438 2184 626 2234 manumissus:
645 2178 690 2244 58,
702 2197 727 2236 r.
743 2181 766 2235 l.
776 2181 802 2235 2.
814 2180 838 2235 5.

317 2252 569 2317 6.8-10.’14.19;
587 2270 614 2322 p.
634 2253 683 2319 43;
704 2255 726 2307 si
746 2255 840 2322 regius

317 2343 386 2397 puer
404 2327 447 2381 rel
461 2343 494 2380 ex
506 2327 639 2381 tabulario
653 2329 685 2380 sd
700 2344 761 2381 oum
774 2345 840 2397 gra-

317 2402 379 2452 dum
400 2405 454 2467 (sc.
475 2405 593 2461 comitis)
613 2401 734 2456 ascendit
754 2400 839 2464 53,2;

317 2473 408 2526 551155
422 2473 583 2526 tabularium
598 2469 655 2546 [aut
668 2491 775 2528 servum
795 2483 841 2527 15-

316 2543 424 2620 11515511]
442 2547 576 2600 1115551555
590 2556 652 2601 5515
671 2564 736 2616 rege
756 2564 840 2617 prae-

317 2629 404 2672 sumet
417 2618 461 2684 58,
474 2619 486 2671 1
499 2619 568 2687 (Α),
588 2620 679 2674 551155
692 2621 840 2674 1565155155

317 2693 451 2745 dinarium
480 2702 543 2746 ante
569 2711 660 2762 regem
687 2703 841 2764 praesumat

914 1455 1101 1522 documentum,
1116 1454 1269 1506 ‘Urbuude’:
1287 1461 1445 1507 testamen-

914 1535 970 1579 tum
984 1526 1156 1590 venditionis,
1175 1534 1365 1579 testamentum
1383 1543 1445 1595 pu-

915 1601 986 1652 blice
1005 1600 1191 1652 conscribatur
1210 1598 1296 1664 59,1;
1318 1599 1443 1652 moriens
1538 1631 1539 1642 .

913 1680 1073 1726 testamenta
1097 1671 1260 1727 venditionis
1280 1689 1330 1725 seu
1350 1671 1443 1725 tradi-

913 1745 995 1799 tionis
1015 1745 1105 1799 iacere
1131 1744 1219 1808 67,1;
1247 1753 1442 1799 testamentum

912 1819 1443 1889 inviolatumperseverettestamentum

914 1892 1011 1945 lulsare
1031 1893 1074 1958 59,
1085 1891 1115 1956 3;
1136 1893 1169 1944 de
1183 1891 1258 1944 151515
1270 1893 1442 1946 testamentis

911 1982 938 2034 p.
957 1964 1006 2028 443
1027 1973 1216 2018 testamentum
1237 1963 1362 2035 accipere
1383 1982 1442 2018 uon

913 2055 993 2109 posse
1018 2038 1107 2101 60,1;
1139 2036 1209 2091 ‘Non
1235 2038 1306 2091 malo
1333 2037 1441 2101 ordine,

915 2113 963 2166 sed
989 2128 1038 2182 per
1062 2118 1253 2165 testamentum
1278 2111 1330 2164 boc
1348 2112 1441 2165 teneo'

914 2184 958 2247 59,
972 2183 998 2240 8.
1027 2215 1062 2224 -
1092 2185 1125 2237 de
1149 2183 1316 2238 testamentis
1341 2201 1441 2253 regum

915 2258 958 2325 56,
969 2257 1007 2320 43
1021 2257 1055 2326 cs.
1063 2275 1091 2326 p.
1102 2258 1149 2317 37ς
1164 2266 1352 2311 testamentum
1364 2257 1440 2326 regis

914 2332 1017 2402 abique
1044 2331 1179 2384 contrario
1198 2339 1360 2385 testamento
1381 2330 1440 2383 lal-

915 2421 973 2456 sum
995 2404 1209 2466 5151555560,6;
1230 2405 1252 2456 si
1274 2405 1439 2457 115515515-

914 2486 1003 2530 meutu
1017 2495 1111 2546 regum
1126 2494 1159 2529 ex
1178 2493 1231 2529 una
1251 2494 1281 2530 re
1302 2476 1440 2530 extiterint

915 2551 1009 2616 60,7;
1042 2550 1112 2604 inira
1143 2558 1331 2620 testamentum
1364 2552 1439 2619 regis

914 2623 1015 2695 aliquid
1025 2623 1154 2677 invadere
1168 2623 1212 2686 60,
1223 2624 1248 2678 3.
1261 2654 1294 2663 -
1307 2622 1342 2691 cs.
1354 2632 1438 2686 carta,

915 2697 1030 2750 tabulae.

316 2767 416 2819 iactare
434 2767 468 2819 ib.
488 2767 558 2832 (13);
580 2767 727 2820 tabularius
748 2768 840 2820 eccle·
878 2775 978 2824 testes:
999 2769 1090 2834 33,2;
1104 2767 1153 2831 48;
1174 2769 1291 2832 50,5.1;
1312 2767 1356 2832 58,
1368 2770 1394 2824 5.
1406 2769 1438 2832 6;

318 2840 383 2891 siam
414 2838 540 2891 heredem
571 2839 707 2910 relinquat
738 2838 788 2903 58,
807 2840 840 2902 4;

318 2929 412 2965 servus
432 2911 556 2965 tabularii
576 2911 659 2975 58,1;
680 2913 775 2966 ancilla
795 2923 841 2967 15-

316 2985 414 3038 bularii
434 2983 484 3048 58,
498 2984 524 3039 9.
547 3016 584 3025 —-
606 2986 736 3039 tabularia
757 2984 800 3052 58,
814 2987 839 3042 9.

320 3057 365 3110 10*
379 3056 440 3123 (Α).
464 3057 507 3112 11.
529 3057 570 3113 13.
591 3089 625 3098 -
646 3059 727 3112 155515
747 3059 839 3129 regius

316 3132 465 3218 tabularius
474 3129 507 3203 (i)
528 3130 626 3199 58,12.
648 3132 689 3201 Cf.
705 3133 839 3186 ecclesia-

317 3216 408 3258 streus.

915 2841 1075 2908 59,2.3.7;
1090 2842 1177 2906 60,5.;
1192 2840 1438 2906 72,1.6;77;89;

915 2916 1071 2970 5515511555
1081 2915 1221 2969 veritatem
1231 2916 1323 2969 dicere
1333 2915 1439 2968 nolen-

914 2991 985 3042 tibus
1012 3007 1039 3058 p.
1058 2987 1105 3050 43;
1137 2997 1192 3042 1555
1224 2993 1307 3042 155155
1336 2988 1384 3054 30,
1403 2989 1436 3051 2;

913 3062 994 3126 50,2;
1014 3079 1074 3114 cum
1089 3062 1232 3115 6155111555
1247 3060 1328 3124 41,1;
1348 3070 1438 3115 15515-

913 3145 1043 3198 mentum,
1063 3136 1084 3188 si
1104 3153 1184 3206 parva
1201 3152 1245 3188 res
1261 3135 1438 3198 1515515715-

913 3210 996 3262 511655
1019 3209 1149 3272 firmetur,
1178 3210 1201 3262 si
1225 3218 1314 3263 autern
1340 3224 1437 3276 magna

280 3281 369 3332 151555
388 3301 424 3324 =
443 3293 547 3347 rapere,
568 3278 679 3347 auferre
697 3278 839 3347 (5111155,

317 3352 324 3378 ‘
332 3352 397 3406 WB!
417 3351 476 3420 11o,
497 3367 518 3404 s.
530 3368 554 3406 v.
569 3352 673 3417 ‘tuiu')r
690 3353 839 3406 talaverent

913 3282 1005 3344 luerit,
1028 3282 1062 3333 12
1074 3283 1218 3334 roboretur
1232 3281 1314 3348 59,1;
1336 3281 1358 3332 si
1373 3297 1437 3334 me-

913 3355 1012 3408 diocris
1032 3371 1076 3407 res
1097 3364 1146 3417 est,
1166 3371 1226 3406 cum
1241 3355 1256 3405 6
1271 3355 1393 3417 testibus,
1414 3354 1437 3407 si

316 3423 474 3496 (talaverint)
508 3424 556 3488 64;
602 3425 657 3479 Gt:
689 3424 839 3490 1515551151,
913 3445 1003 3499 parra,
1024 3445 1084 3480 cum
1105 3428 1130 3494 3,
1151 3427 1173 3480 si
1193 3445 1298 3498 magna,
1318 3444 1379 3480 cum
1402 3425 1437 3478 12

314 3499 436 3551 tulerint.
913 3502 945 3554 ad
960 3501 1050 3555 locum
1063 3503 1215 3555 traditionis
1231 3501 1342 3554 accedat
1355 3501 1399 3561 60,
1412 3498 1436 3552 1.

279 3577 404 3636 1555555,
424 3573 559 3624 1555155555
578 3587 602 3626 5.
622 3581 777 3643 tanganare.
876 3577 1060 3628 testimonium
1085 3577 1187 3628 donare
1207 3573 1290 3639 50,1;
1309 3573 1438 3628 testimo-

281 3640 466 3718 [teugunere],
482 3649 611 3711 tnngano,
628 3649 758 3712 tanganu,
777 3649 837 3698 155-
912 3647 988 3724 nium
998 3647 1079 3701 iurati
1089 3648 1236 3710 dicantr'b.;
1252 3647 1436 3701 testimonium

316 3730 394 3779 5555,
404 3721 686 3784 tangenet,tangenet
696 3721 838 3787 (desipui-
912 3722 1043 3791 praebere
1054 3721 1132 3784 60,1;
1142 3721 1327 3776 testimouium
1338 3720 1434 3774 laisum

313 3788 437 3857 65511555
455 3803 479 3842 5.
498 3790 552 3844 LL.
571 3790 597 3858 V,
615 3807 642 3858 p.
651 3788 715 3853 221,
735 3807 760 3845 5.
772 3791 837 3856 37):
913 3796 1044 3864 praebere
1064 3792 1107 3858 50,
1115 3794 1140 3849 2.

315 3880 367 3931 ego
387 3879 435 3916 555
458 3871 585 3931 teugario,
611 3873 640 3917 ut
665 3863 730 3916 mibi
751 3865 837 3933 legem
877 3871 984 3934 terega,
1003 3871 1100 3922 1511555
1113 3871 1184 3934 (555
1196 3871 1223 3920 r'u
1243 3865 1435 3922 1551511155-

913 3945 966 3994 tum
979 3941 1146 4005 ecbr'beturl:
1161 3939 1341 4008 11=surtum
1354 3937 1435 4008 18,1,·

315 4027 423 4063 manum
449 4010 491 4063 rel
516 4011 676 4064 tabularium
697 4029 752 4064 non
773 4021 838 4065 tan·
913 4012 961 4083 63,
978 4014 1004 4066 2.
1034 4044 1070 4054 —
1098 4013 1125 4086 2)
1145 4037 1181 4059 =
1201 4015 1353 4081 corupesitio
1369 4011 1439 4080 surii

315 4081 502 4152 3555515819.
514 4114 547 4123 -
562 4083 585 4139 1.
591 4099 662 4153 pers.
670 4088 737 4154 stup.
744 4100 838 4153 procu.
912 4085 962 4154 33,
975 4086 1001 4140 2.
1016 4085 1047 4150 3;
1068 4085 1118 4151 12,
1131 4087 1164 4148 2;
1183 4084 1244 4146 45“;
1265 4086 1310 4148 72,
1323 4085 1350 4140 2,
1364 4084 1390 4139 3.
1404 4083 1435 4146 8;

314 4161 393 4211 etium
416 4171 466 4224 pro
490 4157 654 4213 substantivo
681 4164 838 4225 usurpatur:
912 4157 997 4224 851.
1018 4190 1052 4200 —
1073 4159 1112 4229 Cf.
1133 4160 1245 4214 lurtum.

314 4230 373 4283 sine
399 4239 518 4298 tangano
541 4230 615 4303 loqui
636 4230 726 4295 35,1;
747 4229 791 4293 59,
804 4229 837 4295 8;
875 4233 975 4285 1511555
996 4229 1080 4304 (conj.
1091 4232 1176 4302 perfi:
1196 4233 1300 4292 1515511,
1320 4231 1435 4292 15115511,

314 4313 480 4357 sacramento
507 4303 610 4376 absque
630 4313 747 4373 tangauo
767 4321 838 4358 con·
913 4303 1046 4380 tullerit):
1079 4323 1128 4377 per
1156 4307 1181 4358 ri
1211 4304 1313 4358 tollerit
1343 4302 1436 4369 11,3;

315 4377 403 4430 iurare
431 4374 480 4439 58,
499 4375 544 4429 20.
573 4407 608 4416 -
638 4386 761 4448 tangeret
786 4394 837 4447 pro
912 4395 1023 4432 uxorem
1045 4380 1161 4434 alienam
1174 4378 1276 4433 tullerit
1295 4376 1381 4441 35,1;
1402 4377 1435 4429 ad

313 4459 441 4521 taugeuet
460 4447 553 4510 5819
574 4451 637 4518 (B).
912 4469 957 4505 res
976 4453 1192 4507 51155551515515
1208 4451 1340 4506 tollendas
1361 4451 1437 4504 invi·
1522 4489 1524 4493 ψ

315 3937 410 3990 dicatis
421 3936 469 3998 55;
490 3935 625 3991 homiuem
645 3938 757 4008 regium,
776 3936 839 3991 Ro-
