3090 5258
598 490 815 548 PRAEFATIO.
1234 494 1270 546 17

144 664 299 729 rubricas
320 663 371 743 63,
395 663 460 726 Α3
481 663 634 728 rubricas
655 662 706 744 88,
729 663 795 729 ,44
816 664 969 730 rubricas
990 663 1041 744 91,
1070 664 1137 728 Ab
1157 663 1266 730 rubri-

143 771 205 813 cas
227 748 279 827 93,
301 747 366 826 Α6
388 747 540 811 rubricas
564 748 634 827 123,
656 747 720 812 At
743 749 896 813 rubricas
921 749 991 827 124,
1014 749 1079 811 Ais
1103 754 1156 830 (ut
1178 748 1266 812 vide-

143 836 220 913 tur)
236 829 387 895 rubricas
403 830 454 911 90,
476 830 542 896 A9
564 831 717 897 rubricas
739 832 791 912 90,
814 831 844 894 A
862 832 901 895 10
922 831 1076 896 rubricas
1097 831 1147 894 91.
1194 829 1268 903 Qua

142 939 181 980 re
204 915 347 1002 probari
373 916 512 996 videtur,
542 923 662 978 tentum
684 914 719 987 ΑΙ
738 916 902 980 codicibus
924 915 992 980 illis
1013 916 1173 980 traditum
1195 938 1268 980 cum

143 1001 292 1086 qenuino
313 1008 413 1079 sensu,
442 1019 533 1098 quem
555 1021 594 1062 ne
617 1021 657 1062 ue
677 999 831 1064 rubricas
853 1021 955 1084 neque
977 997 1078 1064 ullam
1099 998 1268 1063 titulorum

144 1091 207 1148 aut
222 1084 367 1166 capitum
382 1082 576 1147 divisionem
592 1022 743 1147 babuisse
759 1105 826 1168 pro
846 1092 930 1149 certo
945 1083 1062 1147 babere
1079 1092 1268 1166 possumus,

143 1169 297 1251 pronime
319 1168 499 1230 cohaerere.
541 1164 739 1251 Differentia
761 1167 847 1232 enirn
868 1164 940 1246 illa,
961 1188 1045 1250 quae
1067 1167 1104 1230 in
1125 1166 1269 1230 rubricis

145 1261 245 1334 atque
273 1249 377 1313 titulis
404 1258 578 1334 spectatur,
607 1273 643 1314 eo
672 1260 800 1315 tantum
826 1259 900 1313 orta
926 1272 993 1318 cssc
1013 1250 1153 1330 uidetur,
1203 1249 1269 1313 uod

143 1333 284 1399 librarii
305 1335 418 1413 textui,
440 1354 532 1416 quem
554 1333 624 1398 sinc
645 1333 749 1399 titulis
771 1343 867 1418 atque
887 1334 1031 1399 rubricis
1047 1272 1268 1415 inveniebant,

145 1417 287 1481 arbitrio
316 1438 375 1482 suo
404 1416 557 1480 rubricas
581 1427 675 1500 atque
695 1440 845 1482 numeros
864 1417 1034 1482 titulorum
1056 1417 1269 1482 addiderunt.

145 1501 325 1564 Materiam
346 1501 384 1564 in
404 1499 530 1586 leqibus
550 1509 726 1566 tractatam
747 1503 778 1565 si
798 1509 937 1586 spectas,
958 1501 1085 1566 codices
1106 1498 1268 1565 classisA

145 1586 288 1658 manime
315 1605 351 1648 co
380 1583 642 1670 distinquuntur,
670 1585 759 1670 quod
783 1587 821 1650 in
842 1583 936 1649 titulo
958 1585 1009 1667 36,
1036 1584 1094 1650 ubi
1115 1585 1155 1649 de
1176 1584 1269 1649 cleri·

147 1690 260 1733 corum
275 1666 449 1752 wereqddo
465 1692 487 1731 a
510 1669 588 1749 itur,
604 1677 725 1732 tautum
739 1669 919 1754 qenuinum
934 1677 1157 1733 servaverunt.
1195 1667 1268 1732 Tri-

147 1751 260 1816 buitur
281 1751 368 1815 enim
390 1774 412 1815 a
434 1773 469 1815 co
495 1751 600 1815 icibus
615 1752 646 1815 A
663 1753 744 1817 1-8
767 1750 884 1818 clerico
898 1751 1111 1838 wereqcldum
1124 1752 1271 1816 Romani

147 1838 290 1921 inqcnui
316 1837 382 1918 (tit.
404 1834 456 1915 36,
478 1859 504 1898 o.
526 1836 575 1915 b).
621 1834 788 1910 Quaeres
832 1837 928 1901 uanti
948 1837 1099 1901 momenti
1120 1837 1173 1916 sit,
1200 1837 1270 1900 iam

146 1941 257 2003 supra
291 1925 338 2000 (qt.
365 1919 404 1997 4)
440 1919 620 2002 eapositum
655 1928 746 1984 ectr.
803 1860 916 1984 b'tiam
953 1921 998 1984 ad
1034 1921 1149 2005 capita
1181 1920 1211 1984 6.
1239 1919 1270 1984 7.

146 2001 239 2066 tituli
259 2001 310 2067 36.
338 2003 471 2066 animus
493 2003 712 2067 advertendus
733 2012 788 2084 est,
818 2003 875 2068 ubi
896 2005 1021 2068 codices
1043 2003 1074 2066 A
1091 2002 1171 2067 1-s
1194 2002 1269 2068 sub-

146 2087 290 2151 diacono
318 2095 414 2170 atquc
443 2086 583 2150 diacono
612 2089 723 2151 minus
745 2087 955 2173 wereqeldam
981 2088 1140 2168 tribuunt,
1170 2109 1271 2172 quam

147 2169 269 2256 reliqui
296 2170 432 2234 codices.
483 2170 597 2233 Minus
629 2173 715 2234 enim
743 2171 954 2257 coereqelclum
981 2194 1054 2237 oum
1082 2172 1271 2257 antiquiore

147 2254 222 2317 iare
243 2273 423 2339 conqruere
444 2255 526 2316 satis
549 2261 682 2319 constat.

238 2337 329 2412 Quae
344 2360 416 2401 cum
430 2338 480 2400 ita
495 2338 571 2418 sint,
587 2338 714 2402 codices
724 2337 882 2404 classisA
898 2340 971 2403 anti
993 2339 1116 2402 uiorcm
1137 2345 1269 2417 uatum,

148 2423 295 2506 qenuino
316 2421 421 2485 tactui
436 2422 712 2506 propinquiorem
733 2423 897 2488 continere
919 2424 954 2486 oi
977 2429 1082 2486 entur.

601 2539 765 2607 Classis
787 2542 818 2605 Β

144 2641 318 2726 plerosque
347 2642 472 2707 codices
501 2641 583 2790 leqis
605 2643 801 2724 Ribuariae,
830 2665 945 2729 eosque
967 2642 1159 2728 plerumque
1185 2642 1273 2705 inter

149 2749 183 2790 sc
200 2735 424 2810 conqruentes‚
439 2749 530 2811 comp
545 2729 669 2791 ectitur.
715 2728 834 2791 Teutas
849 2727 880 2790 Β
903 2750 924 2790 a
945 2735 1035 2790 tectu
1054 2727 1083 2788 A
1105 2726 1272 2810 imprimis

148 2831 186 2875 ca
210 2809 386 2894 discrepat,
408 2811 494 2895 quod
511 2833 582 2895 pur
606 2819 663 2874 ata
681 2813 783 2958 quasi
803 2821 832 2876 et
850 2810 959 2896 polita
970 2810 1088 2896 forma
1110 2809 1192 2895 leqis
1210 2807 1271 2873 Ri-

148 2894 290 2958 buariae
324 2917 345 2957 a
378 2894 544 2958 codicibus
639 2917 679 2958 ea
710 2893 816 2959 betur.
878 2894 972 2960 Voces
1012 2894 1173 2959 barbarae
1214 2901 1274 2956 aut

149 2979 288 3042 omissae
318 2985 378 3042 aut
404 2978 535 3044 oooibus
558 2978 690 3042 Latinis
720 2978 904 3063 replicatae
925 2987 1012 3043 sunt.
1063 2978 1127 3042 Pro
1155 2986 1274 3060 texaga

149 3061 288 3146 leqimus
311 3064 349 3144 in
377 3062 541 3126 codicibus
571 3062 603 3125 Β
631 3060 750 3125 furtum
782 3063 861 3146 (cfr.
889 3085 938 3126 ea.
962 3086 1012 3148 qr.
1035 3065 1081 3127 tit.
1107 3061 1157 3141 18,
1186 3085 1212 3125 c.
1238 3060 1275 3136 1,·

148 3147 198 3208 tit.
221 3144 272 3225 65,
294 3168 320 3208 c.
343 3143 381 3226 2,·
403 3147 451 3208 tit.
473 3144 524 3225 74,
548 3169 573 3209 c.
597 3147 627 3207 8.
649 3152 754 3210 tcatus
776 3147 836 3228 Β),
866 3146 956 3211 verbi
985 3147 1098 3210 weriro
1125 3145 1195 3209 loco
1221 3165 1272 3207 co·

147 3229 236 3292 dices
257 3229 289 3292 B
312 3229 459 3293 scribunt
481 3227 652 3293 defendere
680 3232 745 3314 (tit.
768 3230 819 3310 61,
843 3253 869 3294 c.
892 3231 922 3294 6.
944 3237 1018 3292 teat
1041 3229 1102 3309 Β),
1126 3249 1191 3312 pro
1219 3225 1273 3289 ad-

150 3311 273 3376 munire
301 3313 333 3374 B
362 3312 456 3377 babet
483 3333 678 3397 congregare
708 3315 772 3395 (tit.
800 3312 851 3393 62,
882 3337 908 3377 c.
933 3312 961 3375 1.
990 3321 1065 3376 tent.
1087 3311 1147 3390 Β).
1198 3309 1276 3376 Voci

150 3412 278 3480 margus
306 3404 415 3459 teocius
444 3397 475 3460 Β
505 3397 617 3460 addit:
651 3395 712 3459 hoo
741 3405 791 3459 est
818 3393 972 3480 expulsus
1010 3397 1074 3477 (tit.
1104 3393 1155 3474 87,
1185 3418 1211 3458 c.
1241 3393 1271 3461 2.

148 3488 225 3562 tent.
240 3480 300 3560 Β).
331 3479 440 3545 Vocem
462 3503 588 3567 quoque
609 3478 800 3544 maleficium
822 3489 928 3544 tectus
943 3480 975 3546 B
990 3475 1178 3564 adplicauit,
1191 3493 1273 3559 'cum

149 3563 293 3628 scribat:
322 3584 382 3648 per
408 3585 567 3630 venenum
590 3585 648 3630 seu
701 3587 736 3629 er
761 3561 891 3649 aliquod
913 3561 1106 3628 maleficium
1121 3564 1197 3646 ·(tit.
1221 3561 1273 3642 85,

149 3669 177 3709 c.
203 3646 230 3709 1.
258 3655 333 3711 teat.
356 3648 405 3728 B)
418 3658 452 3712 ¹⁸.
508 3649 549 3714 In
583 3585 731 3713 omnibus
764 3650 896 3714 omnino
922 3647 1078 3735 partibus
1107 3654 1213 3712 teocius
1240 3645 1275 3710 B

151 3863 199 3928 17)
221 3861 307 3916 Uodea
327 3865 350 3913 A
371 3865 386 3912 9
407 3879 466 3914 eum
485 3869 583 3916 tectum
597 3863 709 3929 praebet
727 3863 756 3913 in
775 3862 849 3915 titulo
863 3864 907 3926 36,
927 3880 948 3914 c.
963 3863 988 3927 5,
1008 3864 1055 3928 qai
1067 3861 1146 3928 quasi
1157 3862 1274 3914 medium

149 3935 220 3988 inter
239 3942 337 3988 tertam
354 3936 500 4003 penuinum
519 3945 597 4002 atquc
617 3942 715 3988 tectum
735 3937 871 4002 culpatum
891 3944 986 3988 teneat.
1018 3935 1105 3987 Oodccc
1123 3933 1194 3986 Alo
1213 3952 1273 3986 cum

147 4015 223 4060 tectu
241 4010 349 4075 sumata
369 4010 498 4078 oonqruit.
549 4009 600 4070 Qui
623 4009 723 4060 codices
747 4026 805 4060 cum
831 4007 860 4059 in
887 4008 947 4059 aliis
972 4009 1050 4059 rebus
1076 4025 1134 4058 cum
1157 4013 1229 4058 lema
1248 4005 1274 4059 A

149 4098 229 4148 saepe
258 4089 413 4148 conqruant,
442 4082 613 4133 nibilominus
641 4083 721 4134 classi
752 4080 777 4133 A
806 4081 989 4146 adiunqendos
1018 4097 1061 4132 cos
1088 4096 1142 4132 esse
1166 4080 1272 4145 putaui.

149 4153 287 4206 C'odiceA
309 4155 355 4218 10,
381 4155 515 4206 interdum
540 4156 619 4206 etiam
642 4155 729 4206 codice
748 4153 771 4205 A
791 4155 806 4204 9
832 4155 921 4205 suedia
944 4170 1013 4218 quae
1038 4154 1106 4204 inter
1128 4151 1274 4220 qcuuinum

147 4235 175 4278 et
193 4228 332 4294 culpatam
351 4236 449 4278 tautam
469 4227 532 4294 lepis
551 4227 699 4279 Ribuarice
711 4227 805 4292 forma
823 4227 948 4278 traditur.
970 4253 1004 4264 -
1024 4225 1059 4276 In
1077 4223 1165 4277 codice
1184 4223 1208 4276 A
1230 4227 1274 4290 11,

146 4299 197 4366 qui
218 4300 376 4366 frcqmentc
406 4309 509 4352 tantum
537 4301 600 4368 lepis
628 4298 776 4352 Ribaariae
804 4300 919 4363 subibat,
952 4299 989 4352 tit.
1016 4299 1065 4362 36,
1092 4315 1113 4350 o.
1141 4298 1167 4350 b.
1193 4299 1273 4350 deest.

152 4372 200 4440 18)
220 4373 275 4438 Cfr.
290 4372 368 4423 ctiam
381 4372 420 4424 tit.
435 4374 478 4438 69,
499 4394 520 4426 c.
535 4376 551 4424 5
567 4375 641 4435 (tect.
655 4374 716 4439 B.).·
734 4375 762 4423 in
782 4374 858 4425 hasla
877 4374 928 4424 hoc
949 4378 990 4424 cst
1007 4373 1036 4422 in
1055 4388 1129 4422 ramo
1149 4373 1223 4438 (teet.
1237 4369 1277 4421 A:

148 4449 177 4496 in
198 4446 320 4510 colloss).
363 4445 411 4498 Pit.
426 4449 460 4496 23
476 4447 549 4512 (teat.
563 4447 601 4512 Β)
621 4445 678 4498 occi
696 4448 844 4499 tremissem
865 4445 990 4498 additur.-
1009 4445 1036 4496 id
1057 4451 1098 4496 est
1116 4445 1133 4492 4
1148 4445 1278 4496 dinarios.

1027 4545 1042 4592 2
