3090 5258
596 485 816 542 minemo.
1230 485 1260 539 11

664 661 694 739 s.
717 658 747 721 s.

144 761 199 824 De
214 761 506 826 constitutione
520 761 649 844 reyia,
666 781 766 844 quae
781 758 1013 824 estest-62.
1025 762 1262 841 continetur,

145 854 270 929 atque
299 845 346 908 de
374 843 533 908 dnobus
561 842 708 906 titulis
735 842 782 906 de
816 862 967 907 eroene
995 851 1032 907 et
1059 841 1106 907 de
1134 851 1262 908 testo-

542 925 693 990 mentis
714 947 862 1009 regum.

226 1030 268 1092 In
292 1026 512 1114 compluribus
533 1025 699 1092 codicibus
718 1029 956 1111 manuscriptis
977 1025 1058 1114 leqie
1075 1028 1262 1094 Ribuariae

141 1112 270 1177 indices
291 1113 378 1176 duas
399 1110 552 1174 rubricae
572 1111 729 1175 tradunt:
762 1110 803 1175 de
829 1130 946 1174 oroene
975 1121 1072 1198 atque
1100 1110 1141 1175 de
1167 1119 1262 1178 teste·

141 1197 259 1260 mentis
272 1217 397 1280 regum,
414 1215 498 1280 quoe
508 1203 585 1278 post
598 1195 782 1260 rubricam:
797 1193 838 1258 de
852 1193 954 1258 alodis
970 1199 987 1278 (
987 1197 1034 1259 tit.
1045 1195 1097 1260 56.
1108 1195 1262 1261 editionis

142 1283 293 1360 nostrae)
314 1282 518 1344 inseruntur.
557 1275 682 1351 Quibus
703 1279 740 1342 in
762 1278 928 1344 codicibus
949 1279 987 1341 in
1009 1278 1207 1344 conteutule
1232 1281 1261 1342 is

140 1364 250 1450 ipsim
268 1371 344 1448 post
364 1359 493 1425 titulum
515 1359 554 1425 de
568 1359 670 1425 alodis
685 1362 830 1447 spatium
848 1361 983 1426 librarii
1003 1383 1144 1425 nocuum
1164 1303 1261 1426 relin-

141 1467 240 1532 quere
261 1445 371 1527 solent,
399 1453 436 1507 nt
456 1443 545 1510 tituli
570 1446 628 1509 isti
654 1445 720 1509 duo
748 1443 788 1508 de
810 1465 925 1510 aroene
947 1453 976 1507 et
998 1444 1037 1511 ds
1059 1445 1260 1510 testamentis

140 1549 264 1614 regum,
286 1551 424 1612 quoram
438 1536 558 1592 tectum
572 1529 699 1596 scribae
713 1531 751 1594 in
765 1527 833 1614 leae
855 1531 932 1614 ipsa
953 1551 1021 1595 non
1041 1529 1260 1612 inveniebant,

136 1623 256 1698 postea
276 1613 381 1677 inseri
396 1612 537 1712 possint.

229 1694 318 1770 Quid
339 1695 402 1759 sibe
417 1693 516 1758 veiint
529 1695 616 1758 duae
629 1695 711 1761 istae
725 1694 888 1776 rubricae,
911 1693 1003 1758 baud
1015 1693 1154 1780 difficile
1169 1697 1260 1760 dictu

140 1789 199 1860 est,
231 1802 304 1843 cum
332 1780 369 1843 in
398 1778 466 1863 leffe
495 1772 613 1842 Sabinu
635 1783 652 1860 (
674 1800 752 1842 nam
776 1800 862 1862 pars
890 1778 951 1842 ibba
972 1777 1054 1864 lenis
1075 1779 1260 1844 Ribuariae

141 1863 289 1927 secunda
310 1863 476 1941 imitatur)
499 1859 628 1925 titulum
643 1802 682 1926 de
697 1860 854 1924 charoens
869 1864 934 1944 (tit.
945 1861 996 1926 61.
1011 1860 1094 1950 beqis
1109 1861 1259 1943 Saliene)

140 1947 379 2024 inveniamus(
397 1945 456 2028 qui
482 1943 612 2008 titulum
639 1942 679 2010 de
707 1943 810 2008 alodis
839 1947 903 2027 (tit.
926 1945 978 2010 59.
1006 1944 1087 2032 lenis
1108 1944 1259 2027 Salinae)

140 2031 298 2114 sequitur.
344 2027 444 2102 Quem
464 2027 595 2091 titulum
619 2026 702 2113 ienis
724 2027 858 2093 Saliene
886 2026 926 2091 de
953 2026 1111 2092 charoens
1129 2029 1259 2114 fontem

140 2135 208 2177 esse
229 2112 317 2176 tituli
337 2111 419 2197 lenis
433 2110 616 2176 Ribuariae
630 2111 670 2175 de
685 2132 811 2190 aroene,
833 2112 929 2176 caius
943 2112 1110 2176 rubricam
1132 2112 1259 2178 codices

139 2196 193 2260 illi
220 2195 366 2276 tradant,
393 2216 460 2280 pro
489 2202 574 2258 certo
603 2194 719 2259 baberi
741 2203 857 2281 potest.
910 2194 1059 2261 Rubrica
1088 2194 1192 2261 altera
1219 2194 1259 2261 de

139 2277 339 2344 testamentis
366 2298 479 2362 regum
505 2276 636 2342 titutum
663 2279 807 2356 indicat,
847 2280 905 2363 qui
931 2279 1025 2343 titubo
1055 2277 1095 2342 de
1123 2281 1361 2354 *aroensepnm

140 2369 175 2446 (e
197 2361 266 2448 leae
288 2361 569 2524 salicabbamw)
599 2363 697 2448 quasi
727 2361 986 2426 additamentum
1014 2362 1160 2427 adiectus
1188 2373 1259 2427 erat

160 2469 222 2512 cr.
244 2468 283 2509 sa
308 2467 351 2508 ra
393 2498 399 2513 ‚
455 2488 463 2505 .

141 2445 198 2530 (f
229 2467 317 2603 Qube
333 2451 417 2592 ddbe
432 2525 542 2592 titulos
557 2527 638 2614 legis
653 2527 839 2592 Ribaariae
854 2527 1040 2613 deperditae
1053 2551 1129 2609 esse,
1145 2531 1192 2594 eis
1207 2551 1257 2594 co-

139 2612 270 2678 dicibus
283 2612 465 2689 indicatur,
481 2613 539 2696 qni
552 2613 590 2675 in
605 2620 753 2676 contentu
766 2611 849 2698 beqis
861 2611 976 2693 iocum,
992 2611 1049 2674 nbi
1062 2613 1171 2677 titulos
1184 2609 1259 2682 illos

139 2705 253 2760 entare
268 2695 444 2784 oportebat,
466 2717 606 2760 ocenum
626 2694 844 2842 rebiffuernnt,⁴
867 2695 905 2758 id
926 2695 1013 2782 qaod
1033 2696 1114 2760 mibi
1136 2717 1259 2784 qaoque

141 2789 242 2846 antea
260 2800 460 2863 persuasum
489 2777 638 2844 babui11.
701 2802 723 2842 n
746 2781 947 2843 contrariam
968 2789 1075 2844 autem
1096 2803 1144 2844 me
1165 2789 1260 2845 uocat

141 2863 243 2927 codem
264 2862 574 2949 Blunicenbnrqicus
601 2861 651 2948 (A
665 2861 703 2942 9)
733 2864 873 2946 optimae
902 2871 1008 2945 notae,
1038 2865 1096 2950 qui
1123 2864 1259 2948 saepius

140 2953 232 3029 (una
258 2969 331 3010 cum
361 2945 469 3009 codiee
491 2946 685 3010 Monacensi
707 2947 738 3007 A
752 2947 790 3026 4)
819 2955 940 3010 tentum
967 2949 1170 3012 vetustiorem
1191 2969 1257 3010 ser·

139 3033 240 3096 ravit.
286 3029 393 3094 Codes
408 3026 718 3114 Blanirenburqicus
738 3028 838 3115 beyem
852 3029 1051 3094 Ribuariam
1072 3032 1259 3131 nonayinta

139 3113 246 3178 titulis
267 3113 454 3197 distinguit,
484 3113 541 3198 qui
564 3133 761 3198 quemqnam
777 3112 969 3200 plerumque
991 3135 1063 3178 cum
1083 3112 1187 3178 titulus
1210 3123 1258 3176 at·

141 3219 203 3283 que
224 3197 365 3260 rubricis
387 3194 512 3260 litterae
533 3194 688 3281 ontqotae
707 3197 913 3278 conueniunt,
934 3196 1099 3261 interdum
1114 3206 1221 3261 tamen
1237 3219 1259 3260 a

141 3281 254 3345 ceteris
269 3279 434 3345 codicibus
451 3279 487 3342 di
512 3288 624 3358 erunt,·
647 3301 796 3363 quaeres
812 3281 908 3342 etium
929 3281 966 3342 in
987 3278 1080 3342 titulo
1103 3280 1154 3345 60.
1175 3279 1258 3364 lenis

140 3364 328 3428 Ribuariae
358 3369 472 3446 (secan
498 3385 552 3428 um
581 3363 752 3426 editionem
779 3369 933 3440 nostram,
963 3369 1037 3426 test.
1067 3362 1116 3444 A)
1145 3365 1257 3427 evenit.
1343 3390 1346 3394 ·

144 3445 212 3522 Qut
237 3447 352 3510 titulus
382 3446 536 3510 editionis
564 3455 694 3512 nostrae
724 3468 746 3508 a
776 3446 883 3510 codice
905 3444 1193 3532 Biankenburqico
1222 3448 1259 3511 in

141 3540 208 3595 mes
230 3530 382 3596 rubricas
404 3530 585 3594 dividitur:

225 3611 296 3678 Lx.
339 3612 392 3677 De
412 3611 636 3678 traditionibus
658 3621 690 3676 et
710 3611 846 3678 testibus
861 3611 1050 3680 adhibendis
1071 3620 1131 3696 (=
1145 3615 1190 3681 tit.
1207 3614 1258 3694 60,

141 3723 168 3762 c.
193 3698 221 3765 1.
245 3697 400 3761 editionis
422 3701 582 3778 nostroe).

141 3865 185 3928 60
226 3778 315 3928 L{1,
329 3779 410 3926 5De
431 3800 469 3842 eo
492 3781 548 3866 qui
565 3785 748 3844 'consortem
771 3801 864 3843 suum
888 3780 1115 3866 superpriscrit
1136 3786 1195 3862 (=
1210 3782 1258 3845 tit.

218 3887 244 3927 c.
292 3905 326 3914 -
370 3912 377 3926 .

186 3911 194 3945 ’
225 3946 331 4012 LXII.
350 3866 426 4010 )De
448 3945 645 4011 testamentis
666 3967 780 4030 regum
803 3953 862 4029 (.=
882 3949 930 4011 tit.
951 3945 1003 4026 60,
1025 3971 1052 4010 c.
1074 3945 1156 4011 6-8
1156 3951 1184 4028 ).

142 4030 311 4096 Habemus
340 4038 427 4115 erqo
445 4031 482 4096 in
510 4030 618 4096 codice
638 4029 931 4114 Bianicenburqico
952 4029 1082 4094 titutum
1101 4029 1196 4094 illum
1218 4029 1258 4094 de

140 4114 342 4178 testamentis
363 4133 477 4197 regum
497 4116 534 4178 in
557 4122 707 4177 contenta
729 4114 810 4199 leqis
831 4113 942 4195 ipsias
964 4113 1028 4193 (tit.
1041 4112 1094 4192 60,
1117 4137 1143 4176 c.
1165 4113 1257 4176 6-8.

141 4198 297 4267 editionis
324 4201 482 4279 nostroe).
526 4197 686 4264 Dubitari
714 4206 820 4262 cutem
848 4196 906 4260 aiu
923 4203 1037 4280 potest,
1066 4197 1148 4280 quin
1178 4194 1259 4260 aber

144 4357 375 4426 1'1)I¹b·a9menta
399 4365 502 4411 tontum
529 4357 639 4412 istorum
664 4357 800 4410 titulorum
822 4358 852 4408 in
875 4357 913 4410 tit.
934 4357 978 4408 60.
1001 4375 1023 4410 c.
1044 4357 1123 4408 2-8.
1152 4365 1259 4409 ceroma

143 4447 199 4483 esse
218 4431 285 4483 mibi
301 4430 469 4484 videbantur.
509 4430 564 4496 cyr.
584 4430 719 4482 ‘Zeitccbn
731 4431 758 4496 s.
779 4430 964 4497 Recbtsyesch
990 4430 1019 4493 V,
1035 4447 1065 4496 p.
1085 4429 1146 4482 386.
1167 4429 1229 4480 887.
