<?xml version="1.0" encoding="UTF-8"?>
<!DOCTYPE html PUBLIC "-//W3C//DTD XHTML 1.0 Transitional//EN"
    "http://www.w3.org/TR/xhtml1/DTD/xhtml1-transitional.dtd">
<html xmlns="http://www.w3.org/1999/xhtml" xml:lang="en" lang="en">
 <head>
  <title>
</title>
<meta http-equiv="Content-Type" content="text/html;charset=utf-8" />
  <meta name='ocr-system' content='tesseract 3.04.00' />
  <meta name='ocr-capabilities' content='ocr_page ocr_carea ocr_par ocr_line ocrx_word'/>
</head>
<body>
  <div class='ocr_page' id='page_1' title='image "./lexribuariaetle00sohmgoog/lexribuariaetle00sohmgoog_0037.png"; bbox 0 0 3090 5258; ppageno 0'>
   <div class='ocr_carea' id='block_1_1' title="bbox 615 439 1288 497">
    <p class='ocr_par' dir='ltr' id='par_1_1' title="bbox 615 439 1288 497">
     <span class='ocr_line' id='line_1_1' title="bbox 615 439 1288 497; baseline 0.001 -2"><span class='ocrx_word' id='word_1_1' title='bbox 615 439 837 497; x_wconf 78' lang='lat' dir='ltr'><strong><em>PRAEFATlO.</em></strong></span> <span class='ocrx_word' id='word_1_2' title='bbox 1252 444 1288 496; x_wconf 80' lang='lat'><strong><em>29</em></strong></span> 
     </span>
    </p>
   </div>
   <div class='ocr_carea' id='block_1_2' title="bbox 157 611 1345 4211">
    <p class='ocr_par' dir='ltr' id='par_1_2' title="bbox 163 611 1290 1597">
     <span class='ocr_line' id='line_1_2' title="bbox 165 611 1288 696; baseline 0.003 -21"><span class='ocrx_word' id='word_1_3' title='bbox 165 616 281 693; x_wconf 83' lang='lat' dir='ltr'><strong><em>rot)²¹,</em></strong></span> <span class='ocrx_word' id='word_1_4' title='bbox 296 611 463 676; x_wconf 89' lang='lat' dir='ltr'><strong><em>interdum</em></strong></span> <span class='ocrx_word' id='word_1_5' title='bbox 477 619 586 676; x_wconf 87' lang='lat' dir='ltr'><strong><em>tamen</em></strong></span> <span class='ocrx_word' id='word_1_6' title='bbox 599 611 764 676; x_wconf 88' lang='lat' dir='ltr'><strong><em>Heroldas</em></strong></span> <span class='ocrx_word' id='word_1_7' title='bbox 779 633 905 696; x_wconf 80' lang='lat' dir='ltr'><strong><em>quoque</em></strong></span> <span class='ocrx_word' id='word_1_8' title='bbox 919 611 966 675; x_wconf 92' lang='lat' dir='ltr'><strong><em>ad</em></strong></span> <span class='ocrx_word' id='word_1_9' title='bbox 980 613 1154 676; x_wconf 86' lang='lat' dir='ltr'><strong><em>arbitrium</em></strong></span> <span class='ocrx_word' id='word_1_10' title='bbox 1169 622 1288 678; x_wconf 83' lang='lat' dir='ltr'><strong><em>teatmn</em></strong></span> 
     </span>
     <span class='ocr_line' id='line_1_3' title="bbox 165 694 1288 780; baseline 0.003 -22"><span class='ocrx_word' id='word_1_11' title='bbox 165 694 192 758; x_wconf 91' lang='lat' dir='ltr'><strong><em>le</em></strong></span> <span class='ocrx_word' id='word_1_12' title='bbox 217 698 246 760; x_wconf 90' lang='lat' dir='ltr'><strong><em>is</em></strong></span> <span class='ocrx_word' id='word_1_13' title='bbox 267 697 416 759; x_wconf 87' lang='lat' dir='ltr'><strong><em>mutauit.</em></strong></span> <span class='ocrx_word' id='word_1_14' title='bbox 460 695 655 780; x_wconf 77' lang='lat' dir='ltr'><strong><em>Elnemplum</em></strong></span> <span class='ocrx_word' id='word_1_15' title='bbox 670 695 806 780; x_wconf 91' lang='lat' dir='ltr'><strong><em>praebet</em></strong></span> <span class='ocrx_word' id='word_1_16' title='bbox 826 695 940 759; x_wconf 90' lang='lat' dir='ltr'><strong><em>titulus</em></strong></span> <span class='ocrx_word' id='word_1_17' title='bbox 963 695 1003 760; x_wconf 86' lang='grc'><strong><em>87</em></strong></span> <span class='ocrx_word' id='word_1_18' title='bbox 1026 701 1118 777; x_wconf 80' lang='lat' dir='ltr'><strong><em>(tent.</em></strong></span> <span class='ocrx_word' id='word_1_19' title='bbox 1134 697 1194 778; x_wconf 89' lang='lat' dir='ltr'><strong><em>B),</em></strong></span> <span class='ocrx_word' id='word_1_20' title='bbox 1215 721 1242 761; x_wconf 89' lang='lat' dir='ltr'><strong><em>c.</em></strong></span> <span class='ocrx_word' id='word_1_21' title='bbox 1258 697 1288 778; x_wconf 84' lang='lat'><strong><em>2,</em></strong></span> 
     </span>
     <span class='ocr_line' id='line_1_4' title="bbox 164 719 1290 863; baseline 0.002 -20"><span class='ocrx_word' id='word_1_22' title='bbox 164 719 221 844; x_wconf 74' lang='lat' dir='ltr'><strong><em>uit</em></strong></span> <span class='ocrx_word' id='word_1_23' title='bbox 243 777 410 843; x_wconf 88' lang='lat' dir='ltr'><strong><em>Heroldus</em></strong></span> <span class='ocrx_word' id='word_1_24' title='bbox 431 779 542 843; x_wconf 86' lang='lat' dir='ltr'><strong><em>babet:</em></strong></span> <span class='ocrx_word' id='word_1_25' title='bbox 565 800 632 842; x_wconf 85' lang='lat' dir='ltr'><strong><em>war</em></strong></span> <span class='ocrx_word' id='word_1_26' title='bbox 655 801 693 842; x_wconf 85' lang='lat' dir='ltr'><strong><em>us</em></strong></span> <span class='ocrx_word' id='word_1_27' title='bbox 716 780 759 843; x_wconf 87' lang='lat' dir='ltr'><strong><em>sit</em></strong></span> <span class='ocrx_word' id='word_1_28' title='bbox 773 777 814 843; x_wconf 89' lang='lat' dir='ltr'><strong><em>ab</em></strong></span> <span class='ocrx_word' id='word_1_29' title='bbox 829 776 891 842; x_wconf 85' lang='lat' dir='ltr'><strong><em>hoa</em></strong></span> <span class='ocrx_word' id='word_1_30' title='bbox 906 777 1072 863; x_wconf 84' lang='lat' dir='ltr'><strong><em>expulsus,</em></strong></span> <span class='ocrx_word' id='word_1_31' title='bbox 1093 777 1210 861; x_wconf 75' lang='lat' dir='ltr'><strong><em>exulat,</em></strong></span> <span class='ocrx_word' id='word_1_32' title='bbox 1231 781 1290 845; x_wconf 90' lang='lat' dir='ltr'><strong><em>ubi</em></strong></span> 
     </span>
     <span class='ocr_line' id='line_1_5' title="bbox 163 801 1288 948; baseline 0.002 -22"><span class='ocrx_word' id='word_1_33' title='bbox 163 885 227 928; x_wconf 84' lang='lat' dir='ltr'><strong><em>uou</em></strong></span> <span class='ocrx_word' id='word_1_34' title='bbox 249 861 358 927; x_wconf 84' lang='lat' dir='ltr'><strong><em>exulet</em></strong></span> <span class='ocrx_word' id='word_1_35' title='bbox 387 864 548 947; x_wconf 80' lang='lat' dir='ltr'><strong><em>(quaein</em></strong></span> <span class='ocrx_word' id='word_1_36' title='bbox 571 801 662 926; x_wconf 65' lang='lat' dir='ltr'><strong><em>nulio</em></strong></span> <span class='ocrx_word' id='word_1_37' title='bbox 685 863 795 927; x_wconf 91' lang='lat' dir='ltr'><strong><em>codice</em></strong></span> <span class='ocrx_word' id='word_1_38' title='bbox 815 863 1001 943; x_wconf 84' lang='lat' dir='ltr'><strong><em>invenitur)</em></strong></span> <span class='ocrx_word' id='word_1_39' title='bbox 1030 872 1140 948; x_wconf 91' lang='lat' dir='ltr'><strong><em>aperte</em></strong></span> <span class='ocrx_word' id='word_1_40' title='bbox 1162 864 1202 928; x_wconf 91' lang='lat' dir='ltr'><strong><em>ab</em></strong></span> <span class='ocrx_word' id='word_1_41' title='bbox 1226 864 1288 929; x_wconf 92' lang='lat' dir='ltr'><strong><em>He·</em></strong></span> 
     </span>
     <span class='ocr_line' id='line_1_6' title="bbox 163 945 1288 1030; baseline 0.003 -20"><span class='ocrx_word' id='word_1_42' title='bbox 163 947 256 1011; x_wconf 89' lang='lat' dir='ltr'><strong><em>roldo</em></strong></span> <span class='ocrx_word' id='word_1_43' title='bbox 287 947 333 1010; x_wconf 93' lang='lat' dir='ltr'><strong><em>od</em></strong></span> <span class='ocrx_word' id='word_1_44' title='bbox 360 945 465 1010; x_wconf 92' lang='lat' dir='ltr'><strong><em>locum</em></strong></span> <span class='ocrx_word' id='word_1_45' title='bbox 492 945 586 1009; x_wconf 87' lang='lat' dir='ltr'><strong><em>illum</em></strong></span> <span class='ocrx_word' id='word_1_46' title='bbox 612 945 898 1030; x_wconf 90' lang='lat' dir='ltr'><strong><em>interpretandum</em></strong></span> <span class='ocrx_word' id='word_1_47' title='bbox 918 947 1045 1010; x_wconf 86' lang='lat' dir='ltr'><strong><em>inserta</em></strong></span> <span class='ocrx_word' id='word_1_48' title='bbox 1068 955 1122 1010; x_wconf 88' lang='lat' dir='ltr'><strong><em>est.</em></strong></span> <span class='ocrx_word' id='word_1_49' title='bbox 1165 948 1288 1013; x_wconf 85' lang='lat' dir='ltr'><strong><em>Eodem</em></strong></span> 
     </span>
     <span class='ocr_line' id='line_1_7' title="bbox 163 1028 1286 1115; baseline 0 -19"><span class='ocrx_word' id='word_1_50' title='bbox 163 1030 257 1096; x_wconf 90' lang='lat' dir='ltr'><strong><em>modo</em></strong></span> <span class='ocrx_word' id='word_1_51' title='bbox 279 1029 373 1094; x_wconf 90' lang='lat' dir='ltr'><strong><em>lectio</em></strong></span> <span class='ocrx_word' id='word_1_52' title='bbox 396 1029 536 1094; x_wconf 87' lang='lat' dir='ltr'><strong><em>Heroldi</em></strong></span> <span class='ocrx_word' id='word_1_53' title='bbox 557 1028 689 1094; x_wconf 89' lang='lat' dir='ltr'><strong><em>domino</em></strong></span> <span class='ocrx_word' id='word_1_54' title='bbox 710 1031 842 1115; x_wconf 91' lang='lat' dir='ltr'><strong><em>proprio</em></strong></span> <span class='ocrx_word' id='word_1_55' title='bbox 868 1031 905 1093; x_wconf 92' lang='lat' dir='ltr'><strong><em>iu</em></strong></span> <span class='ocrx_word' id='word_1_56' title='bbox 927 1032 975 1094; x_wconf 89' lang='lat' dir='ltr'><strong><em>tit.</em></strong></span> <span class='ocrx_word' id='word_1_57' title='bbox 998 1029 1049 1110; x_wconf 83' lang='lat'><strong><em>60,</em></strong></span> <span class='ocrx_word' id='word_1_58' title='bbox 1072 1055 1098 1094; x_wconf 92' lang='lat' dir='ltr'><strong><em>c.</em></strong></span> <span class='ocrx_word' id='word_1_59' title='bbox 1122 1029 1151 1093; x_wconf 84' lang='lat'><strong><em>7.</em></strong></span> <span class='ocrx_word' id='word_1_60' title='bbox 1173 1054 1189 1095; x_wconf 95' lang='lat' dir='ltr'><strong><em>e</em></strong></span> <span class='ocrx_word' id='word_1_61' title='bbox 1211 1054 1286 1096; x_wconf 88' lang='lat' dir='ltr'><strong><em>cou-</em></strong></span> 
     </span>
     <span class='ocr_line' id='line_1_8' title="bbox 163 1111 1288 1200; baseline 0.001 -21"><span class='ocrx_word' id='word_1_62' title='bbox 163 1117 291 1179; x_wconf 90' lang='lat' dir='ltr'><strong><em>iectura</em></strong></span> <span class='ocrx_word' id='word_1_63' title='bbox 313 1111 453 1177; x_wconf 88' lang='lat' dir='ltr'><strong><em>Heroldi</em></strong></span> <span class='ocrx_word' id='word_1_64' title='bbox 476 1117 679 1197; x_wconf 73' lang='lat' dir='ltr'><strong><em>processisse</em></strong></span> <span class='ocrx_word' id='word_1_65' title='bbox 708 1115 789 1179; x_wconf 90' lang='lat' dir='ltr'><strong><em>mibi</em></strong></span> <span class='ocrx_word' id='word_1_66' title='bbox 816 1114 954 1178; x_wconf 86' lang='lat' dir='ltr'><strong><em>uidetur.</em></strong></span> <span class='ocrx_word' id='word_1_67' title='bbox 999 1114 1128 1178; x_wconf 77' lang='lat' dir='ltr'><strong><em>Titulus</em></strong></span> <span class='ocrx_word' id='word_1_68' title='bbox 1151 1115 1180 1178; x_wconf 91' lang='lat'><strong><em>1.</em></strong></span> <span class='ocrx_word' id='word_1_69' title='bbox 1205 1114 1288 1200; x_wconf 73' lang='lat' dir='ltr'><strong><em>lepis</em></strong></span> 
     </span>
     <span class='ocr_line' id='line_1_9' title="bbox 164 1196 1290 1283; baseline 0.001 -21"><span class='ocrx_word' id='word_1_70' title='bbox 164 1207 297 1262; x_wconf 86' lang='lat' dir='ltr'><strong><em>nostrae</em></strong></span> <span class='ocrx_word' id='word_1_71' title='bbox 319 1197 414 1282; x_wconf 89' lang='lat' dir='ltr'><strong><em>apud</em></strong></span> <span class='ocrx_word' id='word_1_72' title='bbox 435 1196 615 1262; x_wconf 90' lang='lat' dir='ltr'><strong><em>Heroldum</em></strong></span> <span class='ocrx_word' id='word_1_73' title='bbox 637 1221 709 1262; x_wconf 92' lang='lat' dir='ltr'><strong><em>cum</em></strong></span> <span class='ocrx_word' id='word_1_74' title='bbox 731 1197 914 1282; x_wconf 89' lang='lat' dir='ltr'><strong><em>capitulari</em></strong></span> <span class='ocrx_word' id='word_1_75' title='bbox 936 1196 1054 1261; x_wconf 90' lang='lat' dir='ltr'><strong><em>Karoli</em></strong></span> <span class='ocrx_word' id='word_1_76' title='bbox 1068 1198 1190 1283; x_wconf 76' lang='lat' dir='ltr'><strong><em>Maqni</em></strong></span> <span class='ocrx_word' id='word_1_77' title='bbox 1211 1221 1290 1263; x_wconf 91' lang='lat' dir='ltr'><strong><em>con··</em></strong></span> 
     </span>
     <span class='ocr_line' id='line_1_10' title="bbox 164 1280 1288 1366; baseline 0.001 -21"><span class='ocrx_word' id='word_1_78' title='bbox 164 1283 265 1366; x_wconf 68' lang='lat' dir='ltr'><strong><em>aruit.</em></strong></span> <span class='ocrx_word' id='word_1_79' title='bbox 309 1281 351 1344; x_wconf 88' lang='lat' dir='ltr'><strong><em>Iu</em></strong></span> <span class='ocrx_word' id='word_1_80' title='bbox 372 1282 562 1346; x_wconf 86' lang='lat' dir='ltr'><strong><em>uniuersum</em></strong></span> <span class='ocrx_word' id='word_1_81' title='bbox 582 1290 691 1345; x_wconf 91' lang='lat' dir='ltr'><strong><em>tamen</em></strong></span> <span class='ocrx_word' id='word_1_82' title='bbox 712 1280 934 1365; x_wconf 77' lang='lat' dir='ltr'><strong><em>spectantibus</em></strong></span> <span class='ocrx_word' id='word_1_83' title='bbox 960 1281 1054 1345; x_wconf 90' lang='lat' dir='ltr'><strong><em>nobis</em></strong></span> <span class='ocrx_word' id='word_1_84' title='bbox 1076 1281 1288 1346; x_wconf 90' lang='lat' dir='ltr'><strong><em>Heroldioua</em></strong></span> 
     </span>
     <span class='ocr_line' id='line_1_11' title="bbox 164 1363 1287 1430; baseline 0.002 -2"><span class='ocrx_word' id='word_1_85' title='bbox 164 1365 264 1430; x_wconf 85' lang='lat' dir='ltr'><strong><em>editio</em></strong></span> <span class='ocrx_word' id='word_1_86' title='bbox 295 1365 434 1429; x_wconf 88' lang='lat' dir='ltr'><strong><em>maioris</em></strong></span> <span class='ocrx_word' id='word_1_87' title='bbox 466 1367 616 1429; x_wconf 88' lang='lat' dir='ltr'><strong><em>momenti</em></strong></span> <span class='ocrx_word' id='word_1_88' title='bbox 675 1388 754 1430; x_wconf 91' lang='lat' dir='ltr'><strong><em>uam</em></strong></span> <span class='ocrx_word' id='word_1_89' title='bbox 787 1363 1017 1429; x_wconf 87' lang='lat' dir='ltr'><strong><em>Sicbardiana</em></strong></span> <span class='ocrx_word' id='word_1_90' title='bbox 1049 1387 1116 1430; x_wconf 86' lang='lat' dir='ltr'><strong><em>esse</em></strong></span> <span class='ocrx_word' id='word_1_91' title='bbox 1148 1366 1287 1430; x_wconf 86' lang='lat' dir='ltr'><strong><em>videtur.</em></strong></span> 
     </span>
     <span class='ocr_line' id='line_1_12' title="bbox 166 1447 1288 1535; baseline 0.003 -23"><span class='ocrx_word' id='word_1_92' title='bbox 166 1447 274 1523; x_wconf 81' lang='lat' dir='ltr'><strong><em>Quam</em></strong></span> <span class='ocrx_word' id='word_1_93' title='bbox 296 1447 334 1513; x_wconf 89' lang='lat' dir='ltr'><strong><em>ab</em></strong></span> <span class='ocrx_word' id='word_1_94' title='bbox 355 1470 424 1512; x_wconf 93' lang='lat' dir='ltr'><strong><em>rem</em></strong></span> <span class='ocrx_word' id='word_1_95' title='bbox 439 1447 548 1532; x_wconf 92' lang='lat' dir='ltr'><strong><em>plura</em></strong></span> <span class='ocrx_word' id='word_1_96' title='bbox 568 1471 639 1514; x_wconf 80' lang='lat' dir='ltr'><strong><em>ene</em></strong></span> <span class='ocrx_word' id='word_1_97' title='bbox 664 1450 765 1514; x_wconf 92' lang='lat' dir='ltr'><strong><em>itione</em></strong></span> <span class='ocrx_word' id='word_1_98' title='bbox 779 1449 918 1514; x_wconf 90' lang='lat' dir='ltr'><strong><em>Heroldi</em></strong></span> <span class='ocrx_word' id='word_1_99' title='bbox 940 1448 1107 1513; x_wconf 74' lang='lat' dir='ltr'><strong><em>adnotavi.</em></strong></span> <span class='ocrx_word' id='word_1_100' title='bbox 1143 1447 1288 1535; x_wconf 74' lang='lat' dir='ltr'><strong><em>Sipuaui</em></strong></span> 
     </span>
     <span class='ocr_line' id='line_1_13' title="bbox 165 1532 782 1597; baseline -0.002 0"><span class='ocrx_word' id='word_1_101' title='bbox 165 1532 347 1597; x_wconf 91' lang='lat' dir='ltr'><strong><em>Heroldum</em></strong></span> <span class='ocrx_word' id='word_1_102' title='bbox 367 1534 405 1596; x_wconf 90' lang='lat' dir='ltr'><strong><em>in</em></strong></span> <span class='ocrx_word' id='word_1_103' title='bbox 427 1533 514 1597; x_wconf 90' lang='lat' dir='ltr'><strong><em>notis</em></strong></span> <span class='ocrx_word' id='word_1_104' title='bbox 535 1534 668 1597; x_wconf 88' lang='lat' dir='ltr'><strong><em>litteris:</em></strong></span> <span class='ocrx_word' id='word_1_105' title='bbox 694 1533 731 1596; x_wconf 89' lang='lat' dir='ltr'><em>H</em></span> <span class='ocrx_word' id='word_1_106' title='bbox 733 1554 782 1596; x_wconf 91' lang='lat' dir='ltr'><strong><em>er.</em></strong></span> 
     </span>
    </p>

    <p class='ocr_par' dir='ltr' id='par_1_3' title="bbox 159 1614 1345 3526">
     <span class='ocr_line' id='line_1_14' title="bbox 250 1614 1286 1716; baseline -0.001 -36"><span class='ocrx_word' id='word_1_107' title='bbox 250 1614 395 1697; x_wconf 89' lang='lat' dir='ltr'><strong><em>Tilius,</em></strong></span> <span class='ocrx_word' id='word_1_108' title='bbox 417 1616 592 1700; x_wconf 90' lang='lat' dir='ltr'><strong><em>episcopus</em></strong></span> <span class='ocrx_word' id='word_1_109' title='bbox 607 1614 793 1697; x_wconf 88' lang='lat' dir='ltr'><strong><em>Meldensis,</em></strong></span> <span class='ocrx_word' id='word_1_110' title='bbox 815 1617 853 1680; x_wconf 93' lang='lat' dir='ltr'><strong><em>in</em></strong></span> <span class='ocrx_word' id='word_1_111' title='bbox 874 1615 969 1697; x_wconf 89' lang='lat' dir='ltr'><strong><em>libro,</em></strong></span> <span class='ocrx_word' id='word_1_112' title='bbox 992 1638 1084 1716; x_wconf 66' lang='lat' dir='ltr'><strong><em>quem</em></strong></span> <span class='ocrx_word' id='word_1_113' title='bbox 1098 1617 1286 1700; x_wconf 76' lang='lat' dir='ltr'><strong><em>inscripsit:</em></strong></span> 
     </span>
     <span class='ocr_line' id='line_1_15' title="bbox 165 1698 1287 1786; baseline 0.001 -22"><span class='ocrx_word' id='word_1_114' title='bbox 165 1699 270 1764; x_wconf 85' lang='lat' dir='ltr'><strong><em>Aurei</em></strong></span> <span class='ocrx_word' id='word_1_115' title='bbox 290 1698 561 1784; x_wconf 77' lang='lat' dir='ltr'><strong><em>venerandaeque</em></strong></span> <span class='ocrx_word' id='word_1_116' title='bbox 583 1701 655 1764; x_wconf 91' lang='lat' dir='ltr'><strong><em>anti</em></strong></span> <span class='ocrx_word' id='word_1_117' title='bbox 677 1701 792 1764; x_wconf 90' lang='lat' dir='ltr'><strong><em>uitatis</em></strong></span> <span class='ocrx_word' id='word_1_118' title='bbox 806 1698 907 1764; x_wconf 90' lang='lat' dir='ltr'><strong><em>libelli</em></strong></span> <span class='ocrx_word' id='word_1_119' title='bbox 921 1698 1071 1764; x_wconf 77' lang='lat' dir='ltr'><strong><em>Salicum</em></strong></span> <span class='ocrx_word' id='word_1_120' title='bbox 1092 1699 1191 1786; x_wconf 75' lang='lat' dir='ltr'><strong><em>lepem</em></strong></span> <span class='ocrx_word' id='word_1_121' title='bbox 1212 1722 1287 1765; x_wconf 89' lang='lat' dir='ltr'><strong><em>con·</em></strong></span> 
     </span>
     <span class='ocr_line' id='line_1_16' title="bbox 164 1781 1345 1864; baseline 0.003 -19"><span class='ocrx_word' id='word_1_122' title='bbox 164 1787 310 1864; x_wconf 83' lang='lat' dir='ltr'><strong><em>timentes,</em></strong></span> <span class='ocrx_word' id='word_1_123' title='bbox 334 1806 356 1846; x_wconf 94' lang='lat' dir='ltr'><strong><em>a</em></strong></span> <span class='ocrx_word' id='word_1_124' title='bbox 373 1781 542 1863; x_wconf 65' lang='lat' dir='ltr'><strong><em>actoru,</em></strong></span> <span class='ocrx_word' id='word_1_125' title='bbox 567 1781 629 1849; x_wconf 76' lang='lat' dir='ltr'><strong><em>cb·</em></strong></span> <span class='ocrx_word' id='word_1_126' title='bbox 664 1782 766 1848; x_wconf 86' lang='lat' dir='ltr'><strong><em>oberto</em></strong></span> <span class='ocrx_word' id='word_1_127' title='bbox 788 1793 817 1849; x_wconf 93' lang='lat' dir='ltr'><strong><em>et</em></strong></span> <span class='ocrx_word' id='word_1_128' title='bbox 835 1781 979 1849; x_wconf 78' lang='lat' dir='ltr'><strong><em>Clotario</em></strong></span> <span class='ocrx_word' id='word_1_129' title='bbox 1001 1784 1287 1849; x_wconf 73' lang='lat' dir='ltr'><strong><em>christianissimis</em></strong></span> <span class='ocrx_word' id='word_1_130' title='bbox 1343 1810 1345 1816; x_wconf 68' lang='grc'>’</span> 
     </span>
     <span class='ocr_line' id='line_1_17' title="bbox 162 1865 1287 1954; baseline 0.004 -25"><span class='ocrx_word' id='word_1_131' title='bbox 162 1867 295 1953; x_wconf 74' lang='lat' dir='ltr'><strong><em>rupibus</em></strong></span> <span class='ocrx_word' id='word_1_132' title='bbox 311 1869 413 1950; x_wconf 91' lang='lat' dir='ltr'><strong><em>prius</em></strong></span> <span class='ocrx_word' id='word_1_133' title='bbox 433 1867 515 1930; x_wconf 90' lang='lat' dir='ltr'><strong><em>editi</em></strong></span> <span class='ocrx_word' id='word_1_134' title='bbox 536 1875 566 1929; x_wconf 93' lang='lat' dir='ltr'><strong><em>et</em></strong></span> <span class='ocrx_word' id='word_1_135' title='bbox 583 1877 781 1950; x_wconf 86' lang='lat' dir='ltr'><strong><em>postremam</em></strong></span> <span class='ocrx_word' id='word_1_136' title='bbox 804 1889 827 1931; x_wconf 94' lang='lat' dir='ltr'><strong><em>a</em></strong></span> <span class='ocrx_word' id='word_1_137' title='bbox 843 1865 961 1934; x_wconf 80' lang='lat' dir='ltr'><strong><em>Oarolo</em></strong></span> <span class='ocrx_word' id='word_1_138' title='bbox 976 1867 1102 1954; x_wconf 76' lang='lat' dir='ltr'><strong><em>Mapuo</em></strong></span> <span class='ocrx_word' id='word_1_139' title='bbox 1124 1868 1287 1933; x_wconf 89' lang='lat' dir='ltr'><strong><em>emendati</em></strong></span> 
     </span>
     <span class='ocr_line' id='line_1_18' title="bbox 165 1949 1285 2038; baseline 0.003 -24"><span class='ocrx_word' id='word_1_140' title='bbox 165 1959 194 2014; x_wconf 94' lang='lat' dir='ltr'><strong><em>et</em></strong></span> <span class='ocrx_word' id='word_1_141' title='bbox 215 1953 315 2033; x_wconf 89' lang='lat' dir='ltr'><strong><em>aucti,</em></strong></span> <span class='ocrx_word' id='word_1_142' title='bbox 337 1952 412 2015; x_wconf 88' lang='lat' dir='ltr'><strong><em>item</em></strong></span> <span class='ocrx_word' id='word_1_143' title='bbox 426 1949 528 2036; x_wconf 76' lang='lat' dir='ltr'><strong><em>Lepes</em></strong></span> <span class='ocrx_word' id='word_1_144' title='bbox 542 1951 835 2038; x_wconf 75' lang='lat' dir='ltr'><strong><em>Burpundionum,</em></strong></span> <span class='ocrx_word' id='word_1_145' title='bbox 858 1951 1086 2032; x_wconf 87' lang='lat' dir='ltr'><strong><em>Almanorum,</em></strong></span> <span class='ocrx_word' id='word_1_146' title='bbox 1101 1950 1285 2033; x_wconf 81' lang='lat' dir='ltr'><strong><em>Senonum,</em></strong></span> 
     </span>
     <span class='ocr_line' id='line_1_19' title="bbox 163 2033 1286 2117; baseline 0.003 -21"><span class='ocrx_word' id='word_1_147' title='bbox 163 2033 424 2115; x_wconf 87' lang='lat' dir='ltr'><strong><em>Baiwariorum,</em></strong></span> <span class='ocrx_word' id='word_1_148' title='bbox 439 2034 683 2117; x_wconf 83' lang='lat' dir='ltr'><strong><em>Ripuariorum</em></strong></span> <span class='ocrx_word' id='word_1_149' title='bbox 705 2057 746 2099; x_wconf 83' lang='lat' dir='ltr'><strong><em>eso</em></strong></span> <span class='ocrx_word' id='word_1_150' title='bbox 767 2035 924 2100; x_wconf 84' lang='lat' dir='ltr'><strong><em>ueteribus</em></strong></span> <span class='ocrx_word' id='word_1_151' title='bbox 945 2033 1039 2100; x_wconf 91' lang='lat' dir='ltr'><strong><em>libris</em></strong></span> <span class='ocrx_word' id='word_1_152' title='bbox 1053 2037 1286 2100; x_wconf 84' lang='lat' dir='ltr'><strong><em>emendatiores</em></strong></span> 
     </span>
     <span class='ocr_line' id='line_1_20' title="bbox 162 2117 1285 2264; baseline 0.004 -84"><span class='ocrx_word' id='word_1_153' title='bbox 162 2127 191 2180; x_wconf 91' lang='lat' dir='ltr'><strong><em>et</em></strong></span> <span class='ocrx_word' id='word_1_154' title='bbox 212 2119 386 2195; x_wconf 86' lang='lat' dir='ltr'><strong><em>auctiores,</em></strong></span> <span class='ocrx_word' id='word_1_155' title='bbox 408 2117 564 2198; x_wconf 87' lang='lat' dir='ltr'><strong><em>Parisiis,</em></strong></span> <span class='ocrx_word' id='word_1_156' title='bbox 586 2140 626 2182; x_wconf 85' lang='lat' dir='ltr'><strong><em>ca</em></strong></span> <span class='ocrx_word' id='word_1_157' title='bbox 641 2118 778 2264; x_wconf 56' lang='lat' dir='ltr'><strong><em>‹rssicina</em></strong></span> <span class='ocrx_word' id='word_1_158' title='bbox 792 2119 906 2183; x_wconf 91' lang='lat' dir='ltr'><strong><em>Iacobi</em></strong></span> <span class='ocrx_word' id='word_1_159' title='bbox 926 2119 973 2182; x_wconf 91' lang='lat' dir='ltr'><strong><em>du</em></strong></span> <span class='ocrx_word' id='word_1_160' title='bbox 987 2118 1087 2204; x_wconf 72' lang='lat' dir='ltr'><strong><em>Repe,</em></strong></span> <span class='ocrx_word' id='word_1_161' title='bbox 1108 2119 1168 2183; x_wconf 89' lang='lat' dir='ltr'><strong><em>sub</em></strong></span> <span class='ocrx_word' id='word_1_162' title='bbox 1188 2121 1285 2205; x_wconf 73' lang='lat' dir='ltr'><strong><em>siquo</em></strong></span> 
     </span>
     <span class='ocr_line' id='line_1_21' title="bbox 164 2199 1286 2288; baseline 0.001 -22"><span class='ocrx_word' id='word_1_163' title='bbox 164 2199 412 2280; x_wconf 78' lang='lat' dir='ltr'><strong><em>Samaritanae,</em></strong></span> <span class='ocrx_word' id='word_1_164' title='bbox 430 2199 522 2282; x_wconf 80' lang='lat'><strong><em>1573,</em></strong></span> <span class='ocrx_word' id='word_1_165' title='bbox 536 2200 636 2287; x_wconf 77' lang='lat' dir='ltr'><strong><em>lepem</em></strong></span> <span class='ocrx_word' id='word_1_166' title='bbox 682 2203 876 2286; x_wconf 84' lang='lat' dir='ltr'><strong><em>’puariorum</em></strong></span> <span class='ocrx_word' id='word_1_167' title='bbox 891 2224 1017 2288; x_wconf 77' lang='lat' dir='ltr'><strong><em>qaoque</em></strong></span> <span class='ocrx_word' id='word_1_168' title='bbox 1031 2201 1144 2266; x_wconf 88' lang='lat' dir='ltr'><strong><em>edidit.</em></strong></span> <span class='ocrx_word' id='word_1_169' title='bbox 1179 2203 1286 2267; x_wconf 80' lang='lat' dir='ltr'><strong><em>Iudeae</em></strong></span> 
     </span>
     <span class='ocr_line' id='line_1_22' title="bbox 164 2284 1287 2372; baseline 0.004 -24"><span class='ocrx_word' id='word_1_170' title='bbox 164 2285 258 2370; x_wconf 92' lang='lat' dir='ltr'><strong><em>apud</em></strong></span> <span class='ocrx_word' id='word_1_171' title='bbox 281 2285 403 2350; x_wconf 81' lang='lat' dir='ltr'><strong><em>Piliam</em></strong></span> <span class='ocrx_word' id='word_1_172' title='bbox 424 2284 464 2348; x_wconf 87' lang='grc'><strong><em>91</em></strong></span> <span class='ocrx_word' id='word_1_173' title='bbox 486 2285 640 2349; x_wconf 84' lang='lat' dir='ltr'><strong><em>rubricas</em></strong></span> <span class='ocrx_word' id='word_1_174' title='bbox 669 2287 778 2366; x_wconf 83' lang='lat' dir='ltr'><strong><em>babet,</em></strong></span> <span class='ocrx_word' id='word_1_175' title='bbox 805 2308 888 2370; x_wconf 85' lang='lat' dir='ltr'><strong><em>quae</em></strong></span> <span class='ocrx_word' id='word_1_176' title='bbox 914 2289 951 2350; x_wconf 90' lang='lat' dir='ltr'><strong><em>in</em></strong></span> <span class='ocrx_word' id='word_1_177' title='bbox 982 2294 1071 2349; x_wconf 83' lang='lat' dir='ltr'><strong><em>tenta</em></strong></span> <span class='ocrx_word' id='word_1_178' title='bbox 1100 2285 1182 2370; x_wconf 67' lang='lat' dir='ltr'><strong><em>lepis</em></strong></span> <span class='ocrx_word' id='word_1_179' title='bbox 1209 2289 1287 2372; x_wconf 80' lang='lat' dir='ltr'><strong><em>(qai</em></strong></span> 
     </span>
     <span class='ocr_line' id='line_1_23' title="bbox 166 2365 1285 2455; baseline 0.001 -22"><span class='ocrx_word' id='word_1_180' title='bbox 166 2391 265 2454; x_wconf 82' lang='lat' dir='ltr'><strong><em>aeque</em></strong></span> <span class='ocrx_word' id='word_1_181' title='bbox 286 2371 324 2432; x_wconf 90' lang='lat' dir='ltr'><strong><em>iu</em></strong></span> <span class='ocrx_word' id='word_1_182' title='bbox 346 2369 386 2433; x_wconf 87' lang='grc'><strong><em>91</em></strong></span> <span class='ocrx_word' id='word_1_183' title='bbox 409 2368 520 2433; x_wconf 87' lang='lat' dir='ltr'><strong><em>titulos</em></strong></span> <span class='ocrx_word' id='word_1_184' title='bbox 543 2368 717 2455; x_wconf 86' lang='lat' dir='ltr'><strong><em>dividitur)</em></strong></span> <span class='ocrx_word' id='word_1_185' title='bbox 745 2379 946 2453; x_wconf 89' lang='lat' dir='ltr'><strong><em>repetuntur.</em></strong></span> <span class='ocrx_word' id='word_1_186' title='bbox 992 2369 1111 2433; x_wconf 80' lang='lat' dir='ltr'><strong><em>Teatus</em></strong></span> <span class='ocrx_word' id='word_1_187' title='bbox 1133 2365 1285 2434; x_wconf 89' lang='lat' dir='ltr'><strong><em>Tilianus</em></strong></span> 
     </span>
     <span class='ocr_line' id='line_1_24' title="bbox 166 2451 1285 2538; baseline 0.001 -21"><span class='ocrx_word' id='word_1_188' title='bbox 166 2476 237 2517; x_wconf 91' lang='lat' dir='ltr'><strong><em>cum</em></strong></span> <span class='ocrx_word' id='word_1_189' title='bbox 266 2461 356 2516; x_wconf 85' lang='lat' dir='ltr'><strong><em>teoctu</em></strong></span> <span class='ocrx_word' id='word_1_190' title='bbox 384 2451 519 2538; x_wconf 69' lang='lat' dir='ltr'><strong><em>culpato</em></strong></span> <span class='ocrx_word' id='word_1_191' title='bbox 548 2453 581 2516; x_wconf 93' lang='lat' dir='ltr'><em>B</em></span> <span class='ocrx_word' id='word_1_192' title='bbox 613 2455 776 2538; x_wconf 72' lang='lat' dir='ltr'><strong><em>conqruit.</em></strong></span> <span class='ocrx_word' id='word_1_193' title='bbox 830 2453 1000 2515; x_wconf 89' lang='lat' dir='ltr'><strong><em>Interdum</em></strong></span> <span class='ocrx_word' id='word_1_194' title='bbox 1030 2451 1135 2516; x_wconf 87' lang='lat' dir='ltr'><strong><em>Tilius</em></strong></span> <span class='ocrx_word' id='word_1_195' title='bbox 1165 2460 1285 2518; x_wconf 86' lang='lat' dir='ltr'><strong><em>teutum</em></strong></span> 
     </span>
     <span class='ocr_line' id='line_1_25' title="bbox 163 2533 1285 2614; baseline -0.001 -14"><span class='ocrx_word' id='word_1_196' title='bbox 163 2537 285 2600; x_wconf 88' lang='lat' dir='ltr'><strong><em>codicis</em></strong></span> <span class='ocrx_word' id='word_1_197' title='bbox 318 2538 373 2600; x_wconf 89' lang='lat' dir='ltr'><strong><em>sui</em></strong></span> <span class='ocrx_word' id='word_1_198' title='bbox 403 2536 591 2601; x_wconf 88' lang='lat' dir='ltr'><strong><em>emendasse</em></strong></span> <span class='ocrx_word' id='word_1_199' title='bbox 619 2537 701 2600; x_wconf 87' lang='lat' dir='ltr'><strong><em>mibi</em></strong></span> <span class='ocrx_word' id='word_1_200' title='bbox 727 2536 866 2614; x_wconf 87' lang='lat' dir='ltr'><strong><em>uidetur,</em></strong></span> <span class='ocrx_word' id='word_1_201' title='bbox 899 2533 996 2600; x_wconf 85' lang='lat' dir='ltr'><strong><em>veluti</em></strong></span> <span class='ocrx_word' id='word_1_202' title='bbox 1024 2558 1096 2599; x_wconf 91' lang='lat' dir='ltr'><strong><em>cum</em></strong></span> <span class='ocrx_word' id='word_1_203' title='bbox 1124 2535 1217 2599; x_wconf 91' lang='lat' dir='ltr'><strong><em>titulo</em></strong></span> <span class='ocrx_word' id='word_1_204' title='bbox 1243 2536 1285 2600; x_wconf 82' lang='lat'><strong><em>35</em></strong></span> 
     </span>
     <span class='ocr_line' id='line_1_26' title="bbox 166 2618 1284 2703; baseline 0.001 -20"><span class='ocrx_word' id='word_1_205' title='bbox 166 2627 257 2702; x_wconf 82' lang='lat' dir='ltr'><strong><em>(teat.</em></strong></span> <span class='ocrx_word' id='word_1_206' title='bbox 272 2620 323 2700; x_wconf 91' lang='lat' dir='ltr'><strong><em>B)</em></strong></span> <span class='ocrx_word' id='word_1_207' title='bbox 338 2619 507 2684; x_wconf 85' lang='lat' dir='ltr'><strong><em>rubricam</em></strong></span> <span class='ocrx_word' id='word_1_208' title='bbox 521 2619 701 2684; x_wconf 87' lang='lat' dir='ltr'><strong><em>inscribat:</em></strong></span> <span class='ocrx_word' id='word_1_209' title='bbox 723 2619 775 2684; x_wconf 87' lang='lat' dir='ltr'><strong><em>De</em></strong></span> <span class='ocrx_word' id='word_1_210' title='bbox 789 2619 951 2682; x_wconf 84' lang='lat' dir='ltr'><strong><em>intertiata</em></strong></span> <span class='ocrx_word' id='word_1_211' title='bbox 965 2639 1009 2700; x_wconf 85' lang='lat' dir='ltr'><strong><em>re,</em></strong></span> <span class='ocrx_word' id='word_1_212' title='bbox 1032 2640 1118 2703; x_wconf 82' lang='lat' dir='ltr'><strong><em>quae</em></strong></span> <span class='ocrx_word' id='word_1_213' title='bbox 1138 2620 1175 2682; x_wconf 90' lang='lat' dir='ltr'><strong><em>iu</em></strong></span> <span class='ocrx_word' id='word_1_214' title='bbox 1194 2618 1284 2684; x_wconf 91' lang='lat' dir='ltr'><strong><em>nallo</em></strong></span> 
     </span>
     <span class='ocr_line' id='line_1_27' title="bbox 165 2703 1284 2787; baseline 0.001 -21"><span class='ocrx_word' id='word_1_215' title='bbox 165 2704 273 2768; x_wconf 90' lang='lat' dir='ltr'><strong><em>codice</em></strong></span> <span class='ocrx_word' id='word_1_216' title='bbox 294 2705 520 2787; x_wconf 88' lang='lat' dir='ltr'><strong><em>manuscripto</em></strong></span> <span class='ocrx_word' id='word_1_217' title='bbox 542 2705 711 2768; x_wconf 84' lang='lat' dir='ltr'><strong><em>invenitur</em></strong></span> <span class='ocrx_word' id='word_1_218' title='bbox 740 2703 883 2787; x_wconf 86' lang='lat' dir='ltr'><strong><em>(codices</em></strong></span> <span class='ocrx_word' id='word_1_219' title='bbox 904 2703 1126 2787; x_wconf 89' lang='lat' dir='ltr'><strong><em>manuscripti</em></strong></span> <span class='ocrx_word' id='word_1_220' title='bbox 1147 2703 1284 2767; x_wconf 84' lang='lat' dir='ltr'><strong><em>babent:</em></strong></span> 
     </span>
     <span class='ocr_line' id='line_1_28' title="bbox 162 2786 1285 2871; baseline 0 -21"><span class='ocrx_word' id='word_1_221' title='bbox 162 2787 213 2851; x_wconf 87' lang='lat' dir='ltr'><strong><em>De</em></strong></span> <span class='ocrx_word' id='word_1_222' title='bbox 228 2787 423 2868; x_wconf 81' lang='lat' dir='ltr'><strong><em>intertiare),</em></strong></span> <span class='ocrx_word' id='word_1_223' title='bbox 444 2786 494 2850; x_wconf 87' lang='lat' dir='ltr'><strong><em>vel</em></strong></span> <span class='ocrx_word' id='word_1_224' title='bbox 516 2810 589 2852; x_wconf 90' lang='lat' dir='ltr'><strong><em>cum</em></strong></span> <span class='ocrx_word' id='word_1_225' title='bbox 611 2789 648 2851; x_wconf 92' lang='lat' dir='ltr'><strong><em>in</em></strong></span> <span class='ocrx_word' id='word_1_226' title='bbox 663 2786 757 2852; x_wconf 89' lang='lat' dir='ltr'><strong><em>titulo</em></strong></span> <span class='ocrx_word' id='word_1_227' title='bbox 772 2786 823 2868; x_wconf 82' lang='lat'><strong><em>39,</em></strong></span> <span class='ocrx_word' id='word_1_228' title='bbox 838 2811 865 2854; x_wconf 89' lang='lat' dir='ltr'><strong><em>c.</em></strong></span> <span class='ocrx_word' id='word_1_229' title='bbox 880 2788 910 2851; x_wconf 85' lang='lat'><strong><em>3.</em></strong></span> <span class='ocrx_word' id='word_1_230' title='bbox 929 2795 1007 2871; x_wconf 90' lang='lat' dir='ltr'><strong><em>post</em></strong></span> <span class='ocrx_word' id='word_1_231' title='bbox 1028 2788 1285 2871; x_wconf 85' lang='lat' dir='ltr'><strong><em>consumpserint</em></strong></span> 
     </span>
     <span class='ocr_line' id='line_1_29' title="bbox 163 2869 1283 2956; baseline -0.001 -21"><span class='ocrx_word' id='word_1_232' title='bbox 163 2871 266 2935; x_wconf 91' lang='lat' dir='ltr'><strong><em>addat</em></strong></span> <span class='ocrx_word' id='word_1_233' title='bbox 297 2869 437 2956; x_wconf 85' lang='lat' dir='ltr'><strong><em>aliquid,</em></strong></span> <span class='ocrx_word' id='word_1_234' title='bbox 473 2871 561 2956; x_wconf 78' lang='lat' dir='ltr'><strong><em>quod</em></strong></span> <span class='ocrx_word' id='word_1_235' title='bbox 593 2892 694 2956; x_wconf 81' lang='lat' dir='ltr'><strong><em>oeque</em></strong></span> <span class='ocrx_word' id='word_1_236' title='bbox 726 2873 764 2935; x_wconf 90' lang='lat' dir='ltr'><strong><em>in</em></strong></span> <span class='ocrx_word' id='word_1_237' title='bbox 796 2871 886 2935; x_wconf 89' lang='lat' dir='ltr'><strong><em>nullo</em></strong></span> <span class='ocrx_word' id='word_1_238' title='bbox 919 2871 1028 2935; x_wconf 91' lang='lat' dir='ltr'><strong><em>codice</em></strong></span> <span class='ocrx_word' id='word_1_239' title='bbox 1060 2872 1283 2954; x_wconf 89' lang='lat' dir='ltr'><strong><em>manuscripto</em></strong></span> 
     </span>
     <span class='ocr_line' id='line_1_30' title="bbox 163 2953 1283 3040; baseline -0.002 -22"><span class='ocrx_word' id='word_1_240' title='bbox 163 2956 315 3019; x_wconf 90' lang='lat' dir='ltr'><strong><em>occurrit.</em></strong></span> <span class='ocrx_word' id='word_1_241' title='bbox 370 2954 463 3019; x_wconf 88' lang='lat' dir='ltr'><strong><em>Voces</em></strong></span> <span class='ocrx_word' id='word_1_242' title='bbox 496 2954 723 3020; x_wconf 68' lang='lat' dir='ltr'><strong><em>branconicas</em></strong></span> <span class='ocrx_word' id='word_1_243' title='bbox 755 2956 891 3040; x_wconf 91' lang='lat' dir='ltr'><strong><em>saepius</em></strong></span> <span class='ocrx_word' id='word_1_244' title='bbox 926 2953 1032 3018; x_wconf 89' lang='lat' dir='ltr'><strong><em>Tilius</em></strong></span> <span class='ocrx_word' id='word_1_245' title='bbox 1065 2957 1283 3038; x_wconf 89' lang='lat' dir='ltr'><strong><em>corrumpisse</em></strong></span> 
     </span>
     <span class='ocr_line' id='line_1_31' title="bbox 161 3038 1283 3119; baseline -0.001 -17"><span class='ocrx_word' id='word_1_246' title='bbox 161 3039 242 3103; x_wconf 86' lang='lat' dir='ltr'><strong><em>mibi</em></strong></span> <span class='ocrx_word' id='word_1_247' title='bbox 256 3039 397 3118; x_wconf 90' lang='lat' dir='ltr'><strong><em>uidetur,</em></strong></span> <span class='ocrx_word' id='word_1_248' title='bbox 418 3038 516 3102; x_wconf 84' lang='lat' dir='ltr'><strong><em>veluti</em></strong></span> <span class='ocrx_word' id='word_1_249' title='bbox 538 3062 610 3103; x_wconf 93' lang='lat' dir='ltr'><strong><em>cum</em></strong></span> <span class='ocrx_word' id='word_1_250' title='bbox 630 3039 755 3103; x_wconf 88' lang='lat' dir='ltr'><strong><em>scribat</em></strong></span> <span class='ocrx_word' id='word_1_251' title='bbox 775 3038 890 3102; x_wconf 86' lang='lat' dir='ltr'><strong><em>troutis</em></strong></span> <span class='ocrx_word' id='word_1_252' title='bbox 913 3041 977 3119; x_wconf 86' lang='lat' dir='ltr'><strong><em>(tit.</em></strong></span> <span class='ocrx_word' id='word_1_253' title='bbox 991 3038 1043 3101; x_wconf 87' lang='lat'><strong><em>44.</em></strong></span> <span class='ocrx_word' id='word_1_254' title='bbox 1058 3046 1134 3100; x_wconf 80' lang='lat' dir='ltr'><strong><em>teat.</em></strong></span> <span class='ocrx_word' id='word_1_255' title='bbox 1148 3038 1190 3117; x_wconf 89' lang='lat' dir='ltr'><strong><em>B,</em></strong></span> <span class='ocrx_word' id='word_1_256' title='bbox 1207 3061 1232 3100; x_wconf 89' lang='lat' dir='ltr'><strong><em>c.</em></strong></span> <span class='ocrx_word' id='word_1_257' title='bbox 1245 3038 1283 3118; x_wconf 84' lang='lat'><strong><em>2)</em></strong></span> 
     </span>
     <span class='ocr_line' id='line_1_32' title="bbox 161 3120 1283 3203; baseline -0.002 -19"><span class='ocrx_word' id='word_1_258' title='bbox 161 3120 208 3186; x_wconf 89' lang='lat' dir='ltr'><strong><em>rel</em></strong></span> <span class='ocrx_word' id='word_1_259' title='bbox 228 3120 401 3185; x_wconf 84' lang='lat' dir='ltr'><strong><em>harrosida</em></strong></span> <span class='ocrx_word' id='word_1_260' title='bbox 422 3124 488 3203; x_wconf 90' lang='lat' dir='ltr'><strong><em>(tit.</em></strong></span> <span class='ocrx_word' id='word_1_261' title='bbox 504 3121 572 3201; x_wconf 88' lang='grc'><strong><em>66).</em></strong></span> <span class='ocrx_word' id='word_1_262' title='bbox 615 3121 721 3185; x_wconf 88' lang='lat' dir='ltr'><strong><em>Plura</em></strong></span> <span class='ocrx_word' id='word_1_263' title='bbox 736 3121 925 3186; x_wconf 76' lang='lat' dir='ltr'><strong><em>huiusmodi</em></strong></span> <span class='ocrx_word' id='word_1_264' title='bbox 941 3122 1159 3184; x_wconf 85' lang='lat' dir='ltr'><strong><em>inueniuntur</em></strong></span> <span class='ocrx_word' id='word_1_265' title='bbox 1179 3122 1226 3186; x_wconf 89' lang='lat' dir='ltr'><strong><em>tit.</em></strong></span> <span class='ocrx_word' id='word_1_266' title='bbox 1241 3120 1283 3184; x_wconf 84' lang='lat'><strong><em>62</em></strong></span> 
     </span>
     <span class='ocr_line' id='line_1_33' title="bbox 160 3204 1282 3287; baseline -0.002 -20"><span class='ocrx_word' id='word_1_267' title='bbox 160 3212 252 3285; x_wconf 82' lang='lat' dir='ltr'><strong><em>(teat.</em></strong></span> <span class='ocrx_word' id='word_1_268' title='bbox 267 3205 327 3286; x_wconf 82' lang='lat' dir='ltr'><strong><em>B),</em></strong></span> <span class='ocrx_word' id='word_1_269' title='bbox 351 3229 377 3269; x_wconf 94' lang='lat' dir='ltr'><strong><em>c.</em></strong></span> <span class='ocrx_word' id='word_1_270' title='bbox 402 3206 430 3287; x_wconf 88' lang='lat'><strong><em>1,</em></strong></span> <span class='ocrx_word' id='word_1_271' title='bbox 453 3205 509 3268; x_wconf 89' lang='lat' dir='ltr'><strong><em>ubi</em></strong></span> <span class='ocrx_word' id='word_1_272' title='bbox 526 3204 630 3269; x_wconf 87' lang='lat' dir='ltr'><strong><em>Tilius</em></strong></span> <span class='ocrx_word' id='word_1_273' title='bbox 652 3204 747 3268; x_wconf 88' lang='lat' dir='ltr'><strong><em>babet</em></strong></span> <span class='ocrx_word' id='word_1_274' title='bbox 768 3206 987 3268; x_wconf 88' lang='lat' dir='ltr'><strong><em>testimonium</em></strong></span> <span class='ocrx_word' id='word_1_275' title='bbox 1011 3209 1028 3285; x_wconf 93' lang='lat'><em>(</em></span> <span class='ocrx_word' id='word_1_276' title='bbox 1025 3225 1090 3287; x_wconf 91' lang='lat' dir='ltr'><strong><em>pro</em></strong></span> <span class='ocrx_word' id='word_1_277' title='bbox 1113 3212 1282 3267; x_wconf 84' lang='lat' dir='ltr'><strong><em>testamen-</em></strong></span> 
     </span>
     <span class='ocr_line' id='line_1_34' title="bbox 160 3285 1281 3372; baseline -0.001 -20"><span class='ocrx_word' id='word_1_278' title='bbox 160 3293 244 3370; x_wconf 90' lang='lat' dir='ltr'><strong><em>tum)</em></strong></span> <span class='ocrx_word' id='word_1_279' title='bbox 267 3291 313 3354; x_wconf 90' lang='lat' dir='ltr'><strong><em>tit.</em></strong></span> <span class='ocrx_word' id='word_1_280' title='bbox 337 3289 388 3369; x_wconf 79' lang='lat'><strong><em>70,</em></strong></span> <span class='ocrx_word' id='word_1_281' title='bbox 411 3313 437 3352; x_wconf 89' lang='lat' dir='ltr'><strong><em>c.</em></strong></span> <span class='ocrx_word' id='word_1_282' title='bbox 453 3287 483 3369; x_wconf 88' lang='lat'><strong><em>3,</em></strong></span> <span class='ocrx_word' id='word_1_283' title='bbox 504 3288 561 3352; x_wconf 92' lang='lat' dir='ltr'><strong><em>ubi</em></strong></span> <span class='ocrx_word' id='word_1_284' title='bbox 583 3287 689 3352; x_wconf 79' lang='lat' dir='ltr'><strong><em>Pilius</em></strong></span> <span class='ocrx_word' id='word_1_285' title='bbox 711 3289 823 3353; x_wconf 89' lang='lat' dir='ltr'><strong><em>scribit</em></strong></span> <span class='ocrx_word' id='word_1_286' title='bbox 844 3287 1014 3372; x_wconf 82' lang='lat' dir='ltr'><strong><em>direpserit</em></strong></span> <span class='ocrx_word' id='word_1_287' title='bbox 1029 3307 1097 3370; x_wconf 91' lang='lat' dir='ltr'><strong><em>pro</em></strong></span> <span class='ocrx_word' id='word_1_288' title='bbox 1119 3285 1281 3368; x_wconf 85' lang='lat' dir='ltr'><strong><em>direxerit,</em></strong></span> 
     </span>
     <span class='ocr_line' id='line_1_35' title="bbox 161 3371 1282 3458; baseline -0.002 -22"><span class='ocrx_word' id='word_1_289' title='bbox 161 3371 338 3440; x_wconf 83' lang='lat' dir='ltr'><strong><em>debuerant</em></strong></span> <span class='ocrx_word' id='word_1_290' title='bbox 359 3395 425 3456; x_wconf 90' lang='lat' dir='ltr'><strong><em>pro</em></strong></span> <span class='ocrx_word' id='word_1_291' title='bbox 452 3371 618 3458; x_wconf 86' lang='lat' dir='ltr'><strong><em>coeperint</em></strong></span> <span class='ocrx_word' id='word_1_292' title='bbox 644 3381 699 3436; x_wconf 90' lang='lat' dir='ltr'><strong><em>etc.</em></strong></span> <span class='ocrx_word' id='word_1_293' title='bbox 751 3371 898 3458; x_wconf 79' lang='lat' dir='ltr'><strong><em>Sipnaui</em></strong></span> <span class='ocrx_word' id='word_1_294' title='bbox 918 3371 1091 3435; x_wconf 89' lang='lat' dir='ltr'><strong><em>editionem</em></strong></span> <span class='ocrx_word' id='word_1_295' title='bbox 1115 3371 1282 3436; x_wconf 84' lang='lat' dir='ltr'><strong><em>Tilianam</em></strong></span> 
     </span>
     <span class='ocr_line' id='line_1_36' title="bbox 159 3455 698 3526; baseline -0.004 -6"><span class='ocrx_word' id='word_1_296' title='bbox 159 3457 196 3521; x_wconf 89' lang='lat' dir='ltr'><strong><em>in</em></strong></span> <span class='ocrx_word' id='word_1_297' title='bbox 217 3458 305 3522; x_wconf 88' lang='lat' dir='ltr'><strong><em>notis</em></strong></span> <span class='ocrx_word' id='word_1_298' title='bbox 326 3463 446 3521; x_wconf 81' lang='lat' dir='ltr'><strong><em>nostris</em></strong></span> <span class='ocrx_word' id='word_1_299' title='bbox 468 3455 602 3520; x_wconf 88' lang='lat' dir='ltr'><strong><em>litteris:</em></strong></span> <span class='ocrx_word' id='word_1_300' title='bbox 627 3455 698 3526; x_wconf 82' lang='lat' dir='ltr'><strong><em>Til,</em></strong></span> 
     </span>
    </p>

    <p class='ocr_par' dir='ltr' id='par_1_4' title="bbox 158 3537 1282 3708">
     <span class='ocr_line' id='line_1_37' title="bbox 243 3537 1282 3625; baseline 0 -23"><span class='ocrx_word' id='word_1_301' title='bbox 243 3539 579 3624; x_wconf 71' lang='lat' dir='ltr'><strong><em>Lindcnbroqius</em></strong></span> <span class='ocrx_word' id='word_1_302' title='bbox 617 3541 655 3603; x_wconf 89' lang='lat' dir='ltr'><strong><em>in</em></strong></span> <span class='ocrx_word' id='word_1_303' title='bbox 687 3562 746 3604; x_wconf 91' lang='lat' dir='ltr'><strong><em>suo</em></strong></span> <span class='ocrx_word' id='word_1_304' title='bbox 782 3537 896 3604; x_wconf 78' lang='lat' dir='ltr'><strong><em>Codice</em></strong></span> <span class='ocrx_word' id='word_1_305' title='bbox 929 3538 1035 3625; x_wconf 75' lang='lat' dir='ltr'><strong><em>lepum</em></strong></span> <span class='ocrx_word' id='word_1_306' title='bbox 1068 3539 1282 3622; x_wconf 80' lang='lat' dir='ltr'><strong><em>antiquorum</em></strong></span> 
     </span>
     <span class='ocr_line' id='line_1_38' title="bbox 158 3622 1280 3708; baseline -0.005 -18"><span class='ocrx_word' id='word_1_307' title='bbox 158 3623 287 3702; x_wconf 75' lang='lat' dir='ltr'><strong><em>[Codex</em></strong></span> <span class='ocrx_word' id='word_1_308' title='bbox 308 3623 415 3708; x_wconf 75' lang='lat' dir='ltr'><strong><em>lequm</em></strong></span> <span class='ocrx_word' id='word_1_309' title='bbox 438 3625 654 3708; x_wconf 82' lang='lat' dir='ltr'><strong><em>antiquarum</em></strong></span> <span class='ocrx_word' id='word_1_310' title='bbox 680 3624 719 3686; x_wconf 92' lang='lat' dir='ltr'><strong><em>in</em></strong></span> <span class='ocrx_word' id='word_1_311' title='bbox 741 3646 803 3708; x_wconf 81' lang='lat' dir='ltr'><strong><em>quo</em></strong></span> <span class='ocrx_word' id='word_1_312' title='bbox 825 3624 1036 3688; x_wconf 88' lang='lat' dir='ltr'><strong><em>continentur</em></strong></span> <span class='ocrx_word' id='word_1_313' title='bbox 1057 3622 1158 3708; x_wconf 76' lang='lat' dir='ltr'><strong><em>Lepes</em></strong></span> <span class='ocrx_word' id='word_1_314' title='bbox 1185 3622 1280 3687; x_wconf 87' lang='lat' dir='ltr'><strong><em>Wisi-</em></strong></span> 
     </span>
    </p>

    <p class='ocr_par' dir='ltr' id='par_1_5' title="bbox 157 3705 1281 4211">
     <span class='ocr_line' id='line_1_39' title="bbox 181 3705 1280 3792; baseline -0.003 -20"><span class='ocrx_word' id='word_1_315' title='bbox 181 3709 339 3788; x_wconf 83' lang='lat' dir='ltr'><strong><em>otborum,</em></strong></span> <span class='ocrx_word' id='word_1_316' title='bbox 369 3707 523 3771; x_wconf 86' lang='lat' dir='ltr'><strong><em>Edictum</em></strong></span> <span class='ocrx_word' id='word_1_317' title='bbox 546 3706 741 3772; x_wconf 65' lang='lat' dir='ltr'><strong><em>ibeodorici</em></strong></span> <span class='ocrx_word' id='word_1_318' title='bbox 768 3731 803 3771; x_wconf 90' lang='lat' dir='ltr'><strong><em>re</em></strong></span> <span class='ocrx_word' id='word_1_319' title='bbox 827 3710 867 3788; x_wconf 91' lang='lat' dir='ltr'><strong><em>is,</em></strong></span> <span class='ocrx_word' id='word_1_320' title='bbox 895 3707 965 3770; x_wconf 80' lang='lat' dir='ltr'><strong><em>Len</em></strong></span> <span class='ocrx_word' id='word_1_321' title='bbox 987 3705 1280 3792; x_wconf 77' lang='lat' dir='ltr'><strong><em>Burpuudionum,</em></strong></span> 
     </span>
     <span class='ocr_line' id='line_1_40' title="bbox 158 3731 1279 3871; baseline -0.003 -17"><span class='ocrx_word' id='word_1_322' title='bbox 158 3731 226 3854; x_wconf 67' lang='lat' dir='ltr'><strong><em>bea</em></strong></span> <span class='ocrx_word' id='word_1_323' title='bbox 249 3790 376 3870; x_wconf 90' lang='lat' dir='ltr'><strong><em>Salica,</em></strong></span> <span class='ocrx_word' id='word_1_324' title='bbox 397 3790 467 3854; x_wconf 84' lang='lat' dir='ltr'><strong><em>Lea</em></strong></span> <span class='ocrx_word' id='word_1_325' title='bbox 488 3787 764 3871; x_wconf 82' lang='lat' dir='ltr'><strong><em>Alamannorum,</em></strong></span> <span class='ocrx_word' id='word_1_326' title='bbox 786 3731 854 3856; x_wconf 60' lang='lat' dir='ltr'><strong><em>lpeoe</em></strong></span> <span class='ocrx_word' id='word_1_327' title='bbox 876 3791 1134 3870; x_wconf 88' lang='lat' dir='ltr'><strong><em>Baiuariorum,</em></strong></span> <span class='ocrx_word' id='word_1_328' title='bbox 1160 3789 1279 3854; x_wconf 91' lang='lat' dir='ltr'><strong><em>Decre-</em></strong></span> 
     </span>
     <span class='ocr_line' id='line_1_41' title="bbox 158 3872 1280 3960; baseline -0.001 -23"><span class='ocrx_word' id='word_1_329' title='bbox 158 3883 224 3938; x_wconf 92' lang='lat' dir='ltr'><strong><em>tum</em></strong></span> <span class='ocrx_word' id='word_1_330' title='bbox 259 3874 441 3940; x_wconf 85' lang='lat' dir='ltr'><strong><em>Tassilonis</em></strong></span> <span class='ocrx_word' id='word_1_331' title='bbox 473 3875 578 3954; x_wconf 90' lang='lat' dir='ltr'><strong><em>ducis,</em></strong></span> <span class='ocrx_word' id='word_1_332' title='bbox 611 3874 680 3939; x_wconf 81' lang='lat' dir='ltr'><strong><em>Lea</em></strong></span> <span class='ocrx_word' id='word_1_333' title='bbox 711 3875 966 3960; x_wconf 86' lang='lat' dir='ltr'><strong><em>Ripuariorum,</em></strong></span> <span class='ocrx_word' id='word_1_334' title='bbox 999 3874 1069 3936; x_wconf 83' lang='lat' dir='ltr'><strong><em>Lea</em></strong></span> <span class='ocrx_word' id='word_1_335' title='bbox 1096 3872 1280 3952; x_wconf 85' lang='lat' dir='ltr'><strong><em>Sauoumn,</em></strong></span> 
     </span>
     <span class='ocr_line' id='line_1_42' title="bbox 158 3955 1279 4056; baseline -0.002 -36"><span class='ocrx_word' id='word_1_336' title='bbox 158 3958 357 4045; x_wconf 73' lang='lat' dir='ltr'><strong><em>Ampliorum</em></strong></span> <span class='ocrx_word' id='word_1_337' title='bbox 371 3967 401 4022; x_wconf 94' lang='lat' dir='ltr'><strong><em>et</em></strong></span> <span class='ocrx_word' id='word_1_338' title='bbox 417 3959 630 4038; x_wconf 89' lang='lat' dir='ltr'><strong><em>Werinorum,</em></strong></span> <span class='ocrx_word' id='word_1_339' title='bbox 653 3959 853 4038; x_wconf 67' lang='lat' dir='ltr'><strong><em>mensuum,</em></strong></span> <span class='ocrx_word' id='word_1_340' title='bbox 874 3957 1180 4056; x_wconf 73' lang='lat' dir='ltr'><strong><em>Lampobardorum,</em></strong></span> <span class='ocrx_word' id='word_1_341' title='bbox 1198 3955 1279 4020; x_wconf 86' lang='lat' dir='ltr'><strong><em>Con-</em></strong></span> 
     </span>
     <span class='ocr_line' id='line_1_43' title="bbox 158 4038 1279 4127; baseline -0.001 -23"><span class='ocrx_word' id='word_1_342' title='bbox 158 4044 342 4107; x_wconf 89' lang='lat' dir='ltr'><strong><em>stitutioncs</em></strong></span> <span class='ocrx_word' id='word_1_343' title='bbox 363 4040 498 4107; x_wconf 81' lang='lat' dir='ltr'><strong><em>Siculae</em></strong></span> <span class='ocrx_word' id='word_1_344' title='bbox 521 4063 577 4105; x_wconf 92' lang='lat' dir='ltr'><strong><em>seu</em></strong></span> <span class='ocrx_word' id='word_1_345' title='bbox 599 4041 853 4127; x_wconf 88' lang='lat' dir='ltr'><strong><em>Neapolitanae,</em></strong></span> <span class='ocrx_word' id='word_1_346' title='bbox 878 4040 1070 4124; x_wconf 84' lang='lat' dir='ltr'><strong><em>Capitulare</em></strong></span> <span class='ocrx_word' id='word_1_347' title='bbox 1092 4038 1212 4103; x_wconf 89' lang='lat' dir='ltr'><strong><em>Karoli</em></strong></span> <span class='ocrx_word' id='word_1_348' title='bbox 1233 4039 1279 4103; x_wconf 89' lang='lat' dir='ltr'><strong><em>M.</em></strong></span> 
     </span>
     <span class='ocr_line' id='line_1_44' title="bbox 157 4123 1281 4211; baseline -0.003 -22"><span class='ocrx_word' id='word_1_349' title='bbox 157 4133 184 4189; x_wconf 92' lang='lat' dir='ltr'><strong><em>ct</em></strong></span> <span class='ocrx_word' id='word_1_350' title='bbox 199 4124 393 4190; x_wconf 85' lang='lat' dir='ltr'><strong><em>Hludoraici</em></strong></span> <span class='ocrx_word' id='word_1_351' title='bbox 407 4126 514 4210; x_wconf 87' lang='lat' dir='ltr'><strong><em>Impp.</em></strong></span> <span class='ocrx_word' id='word_1_352' title='bbox 535 4135 602 4206; x_wconf 79' lang='lat' dir='ltr'><strong><em>etc,</em></strong></span> <span class='ocrx_word' id='word_1_353' title='bbox 625 4125 742 4211; x_wconf 86' lang='lat' dir='ltr'><strong><em>quibus</em></strong></span> <span class='ocrx_word' id='word_1_354' title='bbox 765 4126 924 4190; x_wconf 87' lang='lat' dir='ltr'><strong><em>accedunt</em></strong></span> <span class='ocrx_word' id='word_1_355' title='bbox 937 4123 1111 4188; x_wconf 83' lang='lat' dir='ltr'><strong><em>Formalae</em></strong></span> <span class='ocrx_word' id='word_1_356' title='bbox 1133 4123 1281 4188; x_wconf 86' lang='lat' dir='ltr'><strong><em>solennes</em></strong></span> 
     </span>
    </p>
   </div>
   <div class='ocr_carea' id='block_1_3' title="bbox 152 4263 1279 4482">
    <p class='ocr_par' dir='ltr' id='par_1_6' title="bbox 152 4263 1279 4482">
     <span class='ocr_line' id='line_1_45' title="bbox 156 4263 1279 4335; baseline 0 -19"><span class='ocrx_word' id='word_1_357' title='bbox 156 4269 203 4334; x_wconf 80' lang='lat'><strong><em>22)</em></strong></span> <span class='ocrx_word' id='word_1_358' title='bbox 223 4270 378 4322; x_wconf 90' lang='lat' dir='ltr'><strong><em>Nonnullae</em></strong></span> <span class='ocrx_word' id='word_1_359' title='bbox 397 4269 518 4320; x_wconf 87' lang='lat' dir='ltr'><strong><em>lectiones</em></strong></span> <span class='ocrx_word' id='word_1_360' title='bbox 536 4269 735 4333; x_wconf 85' lang='lat' dir='ltr'><strong><em>Heroldiamae,</em></strong></span> <span class='ocrx_word' id='word_1_361' title='bbox 762 4285 830 4335; x_wconf 80' lang='lat' dir='ltr'><strong><em>quoe</em></strong></span> <span class='ocrx_word' id='word_1_362' title='bbox 850 4275 939 4334; x_wconf 90' lang='lat' dir='ltr'><strong><em>aperte</em></strong></span> <span class='ocrx_word' id='word_1_363' title='bbox 959 4284 976 4317; x_wconf 89' lang='lat' dir='ltr'><strong><em>a</em></strong></span> <span class='ocrx_word' id='word_1_364' title='bbox 995 4266 1114 4318; x_wconf 82' lang='lat' dir='ltr'><strong><em>codicum</em></strong></span> <span class='ocrx_word' id='word_1_365' title='bbox 1136 4263 1279 4317; x_wconf 85' lang='lat' dir='ltr'><strong><em>traditione</em></strong></span> 
     </span>
     <span class='ocr_line' id='line_1_46' title="bbox 153 4339 1279 4409; baseline -0.005 -15"><span class='ocrx_word' id='word_1_366' title='bbox 153 4343 314 4409; x_wconf 83' lang='lat' dir='ltr'><strong><em>discrepant,</em></strong></span> <span class='ocrx_word' id='word_1_367' title='bbox 334 4361 347 4395; x_wconf 89' lang='lat' dir='ltr'><strong><em>e</em></strong></span> <span class='ocrx_word' id='word_1_368' title='bbox 366 4343 420 4394; x_wconf 85' lang='lat' dir='ltr'><strong><em>solo</em></strong></span> <span class='ocrx_word' id='word_1_369' title='bbox 440 4341 538 4393; x_wconf 91' lang='lat' dir='ltr'><strong><em>calami</em></strong></span> <span class='ocrx_word' id='word_1_370' title='bbox 556 4343 635 4408; x_wconf 80' lang='lat' dir='ltr'><strong><em>lapsu</em></strong></span> <span class='ocrx_word' id='word_1_371' title='bbox 654 4351 728 4394; x_wconf 85' lang='lat' dir='ltr'><strong><em>ortae</em></strong></span> <span class='ocrx_word' id='word_1_372' title='bbox 747 4349 821 4406; x_wconf 77' lang='lat' dir='ltr'><strong><em>siml,</em></strong></span> <span class='ocrx_word' id='word_1_373' title='bbox 844 4339 926 4392; x_wconf 83' lang='lat' dir='ltr'><strong><em>ueluti</em></strong></span> <span class='ocrx_word' id='word_1_374' title='bbox 944 4357 1003 4391; x_wconf 90' lang='lat' dir='ltr'><strong><em>cum</em></strong></span> <span class='ocrx_word' id='word_1_375' title='bbox 1021 4339 1157 4392; x_wconf 87' lang='lat' dir='ltr'><strong><em>Heroldas</em></strong></span> <span class='ocrx_word' id='word_1_376' title='bbox 1176 4339 1214 4390; x_wconf 88' lang='lat' dir='ltr'><strong><em>tit.</em></strong></span> <span class='ocrx_word' id='word_1_377' title='bbox 1235 4339 1279 4402; x_wconf 87' lang='lat'><strong><em>84,</em></strong></span> 
     </span>
     <span class='ocr_line' id='line_1_47' title="bbox 152 4414 635 4482; baseline 0 -16"><span class='ocrx_word' id='word_1_378' title='bbox 152 4433 172 4468; x_wconf 85' lang='lat' dir='ltr'><strong><em>c.</em></strong></span> <span class='ocrx_word' id='word_1_379' title='bbox 194 4420 217 4467; x_wconf 90' lang='lat'><strong><em>1.</em></strong></span> <span class='ocrx_word' id='word_1_380' title='bbox 237 4416 348 4468; x_wconf 87' lang='lat' dir='ltr'><strong><em>babeat:</em></strong></span> <span class='ocrx_word' id='word_1_381' title='bbox 365 4417 442 4468; x_wconf 84' lang='lat' dir='ltr'><strong><em>furas</em></strong></span> <span class='ocrx_word' id='word_1_382' title='bbox 461 4414 524 4482; x_wconf 88' lang='lat' dir='ltr'><strong><em>(pro</em></strong></span> <span class='ocrx_word' id='word_1_383' title='bbox 543 4415 635 4480; x_wconf 80' lang='lat' dir='ltr'><strong><em>furto).</em></strong></span> 
     </span>
    </p>
   </div>
   <div class='ocr_carea' id='block_1_4' title="bbox 0 0 1550 5258">
    <p class='ocr_par' dir='ltr' id='par_1_7' title="bbox 0 0 1550 5258">
     <span class='ocr_line' id='line_1_48' title="bbox 0 0 1550 5258; baseline 0 2"><span class='ocrx_word' id='word_1_384' title='bbox 0 0 1550 5258; x_wconf 95' lang='lat' dir='ltr'><strong><em> </em></strong></span> 
     </span>
    </p>
   </div>
  </div>
 </body>
</html>
